Product Type,Net Quantity,Gross Sales,Discounts,Returns,Total Net Sales,Date
Basket,20,2310,-66,-110,2134,1/1/2017
Christmas,2,48,0,0,48,1/1/2017
Kids,2,68,0,0,68,1/1/2017
Kitchen,11,132,-9.2,0,122.8,1/1/2017
Art & Sculpture,4,380,-9.5,0,370.5,1/2/2017
Basket,19,2695,-52.5,-110,2532.5,1/2/2017
Christmas,1,44,0,0,44,1/2/2017
Art & Sculpture,4,158.8,-8.38,0,150.42,1/3/2017
Basket,4,500,-39.5,0,460.5,1/3/2017
Christmas,3,42,0,0,42,1/3/2017
Art & Sculpture,3,108,-8,0,100,1/4/2017
Basket,1,365,-36.5,0,328.5,1/4/2017
Christmas,2,36,0,0,36,1/4/2017
Art & Sculpture,6,536,-6.8,-88,441.2,1/5/2017
Basket,2,350,-35,0,315,1/5/2017
Christmas,2,36,0,0,36,1/5/2017
Music,4,256,0,0,256,1/5/2017
Art & Sculpture,1,68,-6.8,0,61.2,1/6/2017
Basket,9,990,-33,0,957,1/6/2017
Basket,1,195,0,0,195,1/7/2017
Music,1,38,0,0,38,1/7/2017
Jewelry,1,32,-1.6,0,30.4,1/8/2017
Kitchen,1,28,-2.8,0,25.2,1/8/2017
Art & Sculpture,3,66,-6.6,0,59.4,1/9/2017
Basket,1,185,0,0,185,1/9/2017
Home Decor,2,116,-5.8,0,110.2,1/9/2017
Art & Sculpture,6,399,0,0,399,1/10/2017
Jewelry,1,16,-1.6,0,14.4,1/10/2017
Art & Sculpture,1,350,0,0,350,1/11/2017
Basket,1,116,0,0,116,1/11/2017
Jewelry,3,90,0,-28,62,1/11/2017
Art & Sculpture,9,315,0,0,315,1/12/2017
Home Decor,2,56,-5.6,0,50.4,1/12/2017
Recycled Art,2,96.8,-3.48,0,93.32,1/12/2017
Art & Sculpture,5,625,0,0,625,1/13/2017
Art & Sculpture,4,565,0,0,565,1/14/2017
Basket,15,1925,-92,0,1833,1/14/2017
Art & Sculpture,3,82,-2.2,0,79.8,1/15/2017
Basket,14,1158,-69.16,0,1088.84,1/15/2017
Art & Sculpture,3,66,-2.2,0,63.8,1/16/2017
Basket,3,945,-63,0,882,1/16/2017
Kitchen,1,22,-2.2,0,19.8,1/16/2017
Art & Sculpture,2,44,-2.2,0,41.8,1/17/2017
Basket,4,1152,-59.6,0,1092.4,1/17/2017
Art & Sculpture,2,44,-2.2,0,41.8,1/18/2017
Basket,9,1315,-59.5,0,1255.5,1/18/2017
Basket,2,220,0,0,220,1/19/2017
Art & Sculpture,2,36,-2.1,0,33.9,1/20/2017
Basket,2,96,0,0,96,1/21/2017
Art & Sculpture,6,522,0,0,522,1/22/2017
Home Decor,3,162,-5.4,0,156.6,1/23/2017
Basket,6,990,0,0,990,1/25/2017
Kitchen,1,16.5,0,0,16.5,1/25/2017
Textiles,2,48,-2.4,0,45.6,1/27/2017
Basket,1,58,0,0,58,1/28/2017
Home Decor,3,199.2,-5.12,0,194.08,1/28/2017
Jewelry,10,480,0,0,480,1/29/2017
Recycled Art,1,245,0,0,245,1/29/2017
Jewelry,5,440,0,0,440,1/30/2017
Basket,1,185,0,0,185,1/31/2017
Jewelry,3,204,0,0,204,1/31/2017
Home Decor,9,594,-8.2,0,585.8,2/1/2017
Home Decor,4,292,-6.99,0,285.01,2/4/2017
Jewelry,4,156,-3.81,0,152.19,2/5/2017
Jewelry,3,114,-3.8,0,110.2,2/6/2017
Basket,1,290,0,-232,58,2/7/2017
Furniture,1,38,0,0,38,2/7/2017
Kitchen,1,32,0,0,32,2/7/2017
Jewelry,2,96,-3.8,0,92.2,2/8/2017
Recycled Art,2,116,0,0,116,2/8/2017
Jewelry,4,92,-3.61,0,88.39,2/9/2017
Jewelry,4,134,-3.4,0,130.6,2/10/2017
Textiles,3,84,0,0,84,2/11/2017
Recycled Art,2,116,0,0,116,2/12/2017
Skin Care,32,1216,-26.6,0,1189.4,2/13/2017
Art & Sculpture,2,450,0,0,450,2/14/2017
Jewelry,2,68,-3.4,0,64.6,2/14/2017
Art & Sculpture,2,450,0,0,450,2/15/2017
Jewelry,2,68,-3.4,0,64.6,2/15/2017
Soapstone,1,18,0,0,18,2/15/2017
Basket,1,195,0,0,195,2/16/2017
Art & Sculpture,5,460,0,0,460,2/17/2017
Basket,2,256,0,-128,128,2/17/2017
Art & Sculpture,1,385,0,0,385,2/18/2017
Basket,1,68,0,0,68,2/19/2017
Basket,1,110,0,0,110,2/20/2017
Art & Sculpture,3,440,0,-110,330,2/21/2017
Basket,2,88,-4.4,0,83.6,2/21/2017
Jewelry,1,28,0,0,28,2/21/2017
Art & Sculpture,3,1660,0,-365,1295,2/22/2017
Basket,1,145,0,0,145,2/22/2017
Art & Sculpture,1,385,0,0,385,2/23/2017
Basket,4,460,0,0,460,2/23/2017
Furniture,1,64,-12.8,0,51.2,2/23/2017
Music,9,186,-2.4,0,183.6,2/23/2017
Art & Sculpture,2,336,0,0,336,2/24/2017
Basket,1,84,-2.8,-56,25.2,2/24/2017
Jewelry,1,44,-4.4,0,39.6,2/25/2017
Recycled Art,2,116,-5.8,0,110.2,2/25/2017
Kitchen,1,24,0,0,24,2/26/2017
Basket,9,342,0,0,342,2/27/2017
Jewelry,1,28,0,0,28,2/28/2017
Home Decor,2,190,0,0,190,3/1/2017
Soapstone,2,89,0,0,89,3/1/2017
Jewelry,8,168,-5.62,-56,106.38,3/2/2017
Fair Trade Gifts,22,264,0,0,264,3/2/2017
Basket,1,136,0,0,136,3/3/2017
Jewelry,13,238,-4.21,-56,177.79,3/3/2017
Basket,3,204,0,0,204,3/5/2017
Basket,1,38,0,0,38,3/7/2017
Home Decor,1,185,0,0,185,3/7/2017
Jewelry,6,144,-2.4,0,141.6,3/7/2017
Art & Sculpture,2,300,0,0,300,3/8/2017
Basket,5,925,0,0,925,3/8/2017
Jewelry,3,92,-2.4,0,89.6,3/8/2017
Kitchen,1,16,0,0,16,3/8/2017
Art & Sculpture,2,296,0,0,296,3/9/2017
Basket,1,34,0,0,34,3/9/2017
Jewelry,6,144,-2.39,0,141.61,3/9/2017
Art & Sculpture,5,290,0,0,290,3/10/2017
Jewelry,1,22,-2.21,0,19.79,3/10/2017
Art & Sculpture,6,288,0,0,288,3/11/2017
Soapstone,3,84,-2.8,0,81.2,3/11/2017
Art & Sculpture,4,292,0,0,292,3/13/2017
Art & Sculpture,2,244,0,0,244,3/14/2017
Basket,1,120,0,0,120,3/14/2017
Basket,1,110,0,0,110,3/15/2017
Soapstone,1,21,0,0,21,3/17/2017
Basket,1,28,-4.52,0,23.48,3/18/2017
Home Decor,4,166.6,0,0,166.6,3/19/2017
Basket,1,40.6,-4.06,0,36.54,3/20/2017
Home Decor,2,160,0,0,160,3/20/2017
Jewelry,1,26,0,0,26,3/20/2017
Basket,1,34,0,0,34,3/22/2017
Home Decor,2,156,0,0,156,3/22/2017
Basket,8,344,0,0,344,3/23/2017
Basket,1,136,0,0,136,3/24/2017
Furniture,2,190,-9.49,0,180.51,3/24/2017
Basket,1,390,0,-195,195,3/27/2017
Basket,5,190,0,0,190,3/28/2017
Basket,2,190,0,0,190,3/30/2017
Home Decor,1,155,0,0,155,3/30/2017
Basket,2,80,-8,0,72,4/2/2017
Jewelry,25,900,-35.8,0,864.2,4/2/2017
Basket,1,46,0,0,46,4/3/2017
Jewelry,16,968,-33.6,0,934.4,4/5/2017
Basket,9,936,0,0,936,4/6/2017
Jewelry,11,528,-33.58,0,494.42,4/6/2017
Kitchen,1,16,0,0,16,4/6/2017
Art & Sculpture,5,240,0,0,240,4/7/2017
Basket,1,88,0,0,88,4/7/2017
Jewelry,16,968,-31.2,0,936.8,4/7/2017
Basket,1,94,0,0,94,4/8/2017
Jewelry,24,692,-28.01,0,663.99,4/8/2017
Art & Sculpture,9,196,0,0,196,4/9/2017
Jewelry,9,522,-21.6,0,500.4,4/9/2017
Soapstone,1,34,-3.4,0,30.6,4/9/2017
Art & Sculpture,3,195,0,0,195,4/10/2017
Art & Sculpture,3,192,0,0,192,4/11/2017
Basket,1,195,0,0,195,4/11/2017
Home Decor,1,114,-9.6,-68.4,36,4/11/2017
Art & Sculpture,1,185,0,0,185,4/12/2017
Jewelry,4,136,-20.4,0,115.6,4/12/2017
Basket,1,125,0,0,125,4/13/2017
Jewelry,11,360,-19.4,0,340.6,4/14/2017
Basket,1,145,0,0,145,4/15/2017
Home Decor,9,925,-93.5,0,831.5,4/15/2017
Basket,1,96,0,0,96,4/18/2017
Basket,3,152,0,0,152,4/21/2017
Basket,2,96,0,0,96,4/22/2017
Basket,3,194,0,0,194,4/23/2017
Basket,1,145,0,0,145,4/25/2017
Home Decor,12,1120,-92,0,1028,4/25/2017
Home Decor,6,590,-59,0,531,4/26/2017
Basket,4,1030,0,0,1030,4/29/2017
Kitchen,1,18,0,0,18,4/29/2017
Basket,4,192,-4.8,0,187.2,4/30/2017
Jewelry,2,36,0,0,36,4/30/2017
Recycled Art,1,110,-11,0,99,5/2/2017
Kitchen,1,88,0,-44,44,5/3/2017
Jewelry,1,32,0,0,32,5/4/2017
Basket,6,194,-6.41,0,187.59,5/5/2017
Jewelry,1,48,0,0,48,5/5/2017
Kids,1,28,-2.8,0,25.2,5/5/2017
Kitchen,8,108,-9.6,-10.8,87.6,5/5/2017
Art & Sculpture,1,185,0,0,185,5/6/2017
Basket,1,125,-12.5,0,112.5,5/6/2017
Art & Sculpture,4,900,-45,0,855,5/7/2017
Basket,6,408,-11.8,0,396.2,5/7/2017
Music,1,16.5,0,0,16.5,5/7/2017
Art & Sculpture,49,2696.8,-44.16,0,2652.64,5/8/2017
Basket,2,348,-11.6,-104.4,232,5/8/2017
Art & Sculpture,3,432,-43.2,0,388.8,5/9/2017
Basket,6,696,-11.6,0,684.4,5/9/2017
Art & Sculpture,2,396,-39.6,0,356.4,5/10/2017
Basket,9,364,-15.6,0,348.4,5/10/2017
Jewelry,2,32,0,0,32,5/10/2017
Kitchen,2,50,-4.59,0,45.41,5/10/2017
Art & Sculpture,1,185,-39,0,146,5/12/2017
Basket,1,195,0,0,195,5/12/2017
Art & Sculpture,4,196,0,0,196,5/13/2017
Basket,1,48,0,0,48,5/13/2017
Art & Sculpture,4,192,0,0,192,5/14/2017
Home Decor,1,124,0,0,124,5/15/2017
Kitchen,1,18,0,0,18,5/16/2017
Home Decor,2,120,0,0,120,5/18/2017
Kitchen,3,102,-3.41,0,98.59,5/20/2017
Art & Sculpture,4,168,0,0,168,5/21/2017
Home Decor,2,100,0,0,100,5/21/2017
Basket,2,220,0,0,220,5/22/2017
Furniture,2,92,-4.8,0,87.2,5/22/2017
Basket,3,460,-2.24,0,457.76,5/23/2017
Basket,2,84,-4.2,0,79.8,5/24/2017
Home Decor,2,96,0,0,96,5/24/2017
Jewelry,1,28,0,0,28,5/24/2017
Art & Sculpture,10,153.2,0,0,153.2,5/26/2017
Basket,1,145,-14.5,0,130.5,5/26/2017
Art & Sculpture,2,128,-12.8,0,115.2,5/27/2017
Basket,1,145,-14.5,0,130.5,5/27/2017
Art & Sculpture,8,336,-12.6,0,323.4,5/28/2017
Basket,5,192,-14,0,178,5/28/2017
Music,16,292,-12.2,0,279.8,5/28/2017
Art & Sculpture,13,526,-12.6,0,513.4,5/29/2017
Basket,3,204,-13.6,0,190.4,5/29/2017
Art & Sculpture,11,1395,-12.5,0,1382.5,5/30/2017
Basket,1,68,-13.6,0,54.4,5/30/2017
Art & Sculpture,1,36,-5,0,31,5/31/2017
Basket,5,625,-12.5,0,612.5,5/31/2017
Kitchen,2,36,0,0,36,5/31/2017
Art & Sculpture,4,91,-4.9,0,86.1,6/1/2017
Basket,1,116,-11.6,0,104.4,6/1/2017
Kitchen,1,18,-1.8,0,16.2,6/1/2017
Art & Sculpture,2,132,-4.88,-39.12,88,6/2/2017
Basket,1,116,-11.6,0,104.4,6/2/2017
Art & Sculpture,6,296,-4.8,0,291.2,6/3/2017
Basket,1,115,-11.5,0,103.5,6/3/2017
Kitchen,1,22,0,0,22,6/3/2017
Music,2,40,-2,0,38,6/5/2017
Art & Sculpture,3,144,-4.8,0,139.2,6/6/2017
,1,95,0,0,95,6/6/2017
Art & Sculpture,4,152,0,0,152,6/7/2017
Art & Sculpture,4,152,0,0,152,6/8/2017
Art & Sculpture,4,151.4,0,0,151.4,6/9/2017
Soapstone,2,44,0,0,44,6/9/2017
Basket,1,195,0,0,195,6/10/2017
Furniture,1,144,-14.4,0,129.6,6/10/2017
Art & Sculpture,1,150,0,0,150,6/11/2017
Art & Sculpture,4,150,0,0,150,6/12/2017
Home Decor,3,130,-3.5,0,126.5,6/12/2017
Art & Sculpture,1,145,0,0,145,6/13/2017
Basket,1,125,0,0,125,6/13/2017
Basket,3,92,-2.4,0,89.6,6/14/2017
Kitchen,1,56,0,0,56,6/14/2017
Art & Sculpture,2,144,0,0,144,6/15/2017
Basket,1,185,0,0,185,6/15/2017
Art & Sculpture,3,144,0,0,144,6/16/2017
Basket,1,68,0,0,68,6/16/2017
Basket,2,120,-6.8,0,113.2,6/18/2017
Home Decor,2,136,-3.4,0,132.6,6/18/2017
Jewelry,2,56,0,0,56,6/18/2017
Kitchen,0,28,-2.81,-25.19,0,6/21/2017
Soapstone,2,20,0,0,20,6/23/2017
Art & Sculpture,2,144,0,0,144,6/24/2017
Music,2,48,0,0,48,6/24/2017
Basket,8,294,0,-34,260,6/25/2017
Kitchen,1,22,0,0,22,6/25/2017
Basket,6,252,0,0,252,6/26/2017
Music,2,48,0,0,48,6/26/2017
Basket,1,125,0,0,125,6/27/2017
Home Decor,1,32,-3.2,0,28.8,6/27/2017
Basket,11,1056,-9.59,0,1046.41,6/28/2017
Jewelry,2,64,0,0,64,6/28/2017
Kids,3,102,-3.2,0,98.8,6/28/2017
Kids,1,18,0,0,18,6/29/2017
Kitchen,5,90,-1.8,0,88.2,6/29/2017
Basket,3,84,-2.99,0,81.01,6/30/2017
Kitchen,1,24,-1.39,0,22.61,6/30/2017
Basket,2,92,-4.6,0,87.4,7/1/2017
Jewelry,3,84,0,0,84,7/1/2017
Soapstone,9,183,-2.1,0,180.9,7/2/2017
Home Decor,2,42,-4.2,0,37.8,7/3/2017
Jewelry,6,84,0,0,84,7/3/2017
Soapstone,8,112,-4.2,0,107.8,7/3/2017
Art & Sculpture,2,130,0,0,130,7/4/2017
Basket,1,115,-11.5,0,103.5,7/4/2017
Jewelry,6,84,0,0,84,7/5/2017
Basket,1,145,0,0,145,7/6/2017
Jewelry,2,80,0,0,80,7/6/2017
Basket,2,196,-6.4,-59.6,130,7/7/2017
Jewelry,2,98,0,0,98,7/7/2017
Kids,1,34,0,0,34,7/7/2017
Kitchen,8,89,-4.19,0,84.81,7/7/2017
Basket,4,204,-5.8,0,198.2,7/8/2017
Kids,1,30,0,0,30,7/8/2017
Kitchen,6,92,-1.2,0,90.8,7/8/2017
Basket,1,165,0,0,165,7/10/2017
Jewelry,2,96,0,0,96,7/10/2017
Jewelry,2,96,0,0,96,7/12/2017
Soapstone,2,36,0,0,36,7/12/2017
Kids,2,56,0,0,56,7/13/2017
Kitchen,11,132,0,0,132,7/13/2017
Basket,1,44,0,0,44,7/14/2017
Jewelry,2,96,0,0,96,7/15/2017
Jewelry,2,96,0,0,96,7/16/2017
Soapstone,2,30,0,0,30,7/16/2017
Basket,3,288,0,0,288,7/17/2017
Jewelry,2,96,0,0,96,7/18/2017
Art & Sculpture,18,648,-21.6,0,626.4,7/19/2017
Basket,1,185,0,0,185,7/19/2017
Home Decor,1,42,-4.2,0,37.8,7/19/2017
Basket,1,110,-11,0,99,7/20/2017
Furniture,1,295,-29.5,0,265.5,7/20/2017
Jewelry,1,92,0,0,92,7/20/2017
Kids,5,190,-3.4,0,186.6,7/20/2017
Art & Sculpture,1,128,0,0,128,7/21/2017
Basket,3,298,0,0,298,7/21/2017
Art & Sculpture,2,128,0,0,128,7/22/2017
Basket,1,56,-2.8,-28,25.2,7/22/2017
Home Decor,4,152,-3.8,0,148.2,7/22/2017
Art & Sculpture,1,128,0,0,128,7/23/2017
Recycled Art,2,49,0,0,49,7/24/2017
Basket,1,44,-1.08,0,42.92,7/26/2017
Kitchen,1,39,0,0,39,7/26/2017
Basket,3,440,0,-110,330,7/27/2017
Basket,1,46,-4.6,0,41.4,7/31/2017
Basket,3,204,0,0,204,8/1/2017
Home Decor,11,968,-19.6,0,948.4,8/1/2017
Music,1,18,-1.8,0,16.2,8/1/2017
Basket,0,28,0,-28,0,8/2/2017
Jewelry,11,308,-11.21,0,296.79,8/2/2017
Kitchen,1,18,0,0,18,8/2/2017
Basket,1,185,0,0,185,8/3/2017
Jewelry,2,56,-11.2,0,44.8,8/3/2017
Basket,2,34,-5.2,0,28.8,8/4/2017
Jewelry,2,56,-11.2,0,44.8,8/4/2017
Kitchen,4,120,-5.99,0,114.01,8/4/2017
Basket,2,98,-3.4,-32,62.6,8/5/2017
Jewelry,10,280,-10.44,0,269.56,8/5/2017
Kitchen,1,39,-3.9,0,35.1,8/5/2017
Jewelry,1,38,0,0,38,8/6/2017
Kitchen,4,112,0,0,112,8/6/2017
Basket,4,112,-2.8,0,109.2,8/7/2017
Kitchen,1,96,0,0,96,8/7/2017
Jewelry,1,28,0,0,28,8/8/2017
Kitchen,2,264,0,0,264,8/8/2017
Jewelry,1,18,0,0,18,8/12/2017
Kitchen,1,48,-4.8,0,43.2,8/12/2017
Basket,1,195,0,0,195,8/13/2017
Home Decor,3,234,-19.5,0,214.5,8/13/2017
Recycled Art,1,44,0,0,44,8/15/2017
Basket,1,68,0,0,68,8/17/2017
Furniture,2,96,0,0,96,8/20/2017
Basket,3,163,-4.8,0,158.2,8/21/2017
Jewelry,3,36,0,0,36,8/21/2017
Basket,1,145,0,0,145,8/23/2017
Home Decor,3,114,-15.2,0,98.8,8/23/2017
Recycled Art,1,28,-2.8,0,25.2,8/24/2017
Basket,2,96,-4.8,0,91.2,8/26/2017
Kitchen,3,54,0,0,54,8/26/2017
Jewelry,5,202,-9.6,0,192.4,8/27/2017
Art & Sculpture,1,125,0,0,125,8/28/2017
Basket,1,125,0,0,125,8/28/2017
Basket,6,268,-4,-38,226,8/29/2017
Jewelry,4,152,-9.6,0,142.4,8/29/2017
Kitchen,2,36,0,0,36,8/29/2017
Jewelry,8,192,-9.59,0,182.41,8/30/2017
Soapstone,2,56,-2.8,0,53.2,8/30/2017
Basket,2,58,-6,0,52,8/31/2017
Kids,1,32,0,0,32,8/31/2017
Kitchen,6,66,-5.24,0,60.76,8/31/2017
Art & Sculpture,1,95,0,0,95,9/1/2017
Basket,3,330,-11,0,319,9/1/2017
Art & Sculpture,2,152,-15.2,0,136.8,9/2/2017
Basket,2,220,-11,0,209,9/2/2017
Art & Sculpture,4,600,-15,0,585,9/3/2017
Basket,2,220,-11,0,209,9/3/2017
Art & Sculpture,14,518,-14.6,0,503.4,9/4/2017
Basket,1,110,-11,0,99,9/4/2017
Textiles,2,96,-9.6,0,86.4,9/4/2017
Art & Sculpture,8,288,-14.4,0,273.6,9/8/2017
Art & Sculpture,2,90,0,0,90,9/9/2017
Basket,0,48,0,-48,0,9/9/2017
Kitchen,1,24,0,0,24,9/9/2017
Art & Sculpture,2,90,0,0,90,9/10/2017
Basket,10,160,0,0,160,9/10/2017
Art & Sculpture,2,90,0,0,90,9/11/2017
Basket,1,28,0,0,28,9/11/2017
Soapstone,9,154,-4.4,0,149.6,9/12/2017
Basket,1,68,0,0,68,9/13/2017
Basket,6,266,-3.8,-38,224.2,9/14/2017
Jewelry,1,24,0,0,24,9/14/2017
Kitchen,2,36,0,0,36,9/14/2017
Basket,1,28,0,0,28,9/15/2017
Basket,4,152,-3.8,0,148.2,9/16/2017
Jewelry,1,24,0,0,24,9/16/2017
Basket,1,185,0,0,185,9/17/2017
Basket,2,188,-9.4,0,178.6,9/18/2017
Jewelry,1,58,0,0,58,9/18/2017
Kids,3,56,0,0,56,9/18/2017
Basket,1,44,-10,0,34,9/20/2017
Jewelry,1,68,0,0,68,9/20/2017
Kids,5,90,0,0,90,9/20/2017
Kitchen,69,1104,-25.6,0,1078.4,9/20/2017
Art & Sculpture,2,90,0,0,90,9/21/2017
Basket,2,96,-3.8,0,92.2,9/21/2017
Jewelry,1,22,0,0,22,9/21/2017
Kitchen,2,36,0,0,36,9/21/2017
Art & Sculpture,3,92,0,0,92,9/22/2017
Basket,3,450,0,0,450,9/22/2017
Home Decor,2,48,0,0,48,9/22/2017
Music,9,112,-1.6,0,110.4,9/22/2017
Art & Sculpture,1,92,0,0,92,9/23/2017
Basket,1,116,0,0,116,9/23/2017
Basket,1,48,0,0,48,9/24/2017
Basket,9,339,0,0,339,9/25/2017
Art & Sculpture,2,90,0,0,90,9/27/2017
Basket,4,192,-9.99,-38,144.01,9/27/2017
Kids,2,68,-6.8,0,61.2,9/27/2017
Kitchen,13,312,-4.81,0,307.19,9/27/2017
Basket,1,54,-5.4,0,48.6,9/28/2017
Kids,1,28,0,0,28,9/28/2017
Kitchen,5,64,-6,0,58,9/28/2017
Basket,1,44,0,0,44,10/1/2017
Basket,1,68,0,0,68,10/3/2017
Basket,1,240,0,0,240,10/4/2017
Skin Care,1,18.5,0,0,18.5,10/6/2017
Basket,9,498,0,0,498,10/7/2017
Music,9,328,-12.6,0,315.4,10/7/2017
Skin Care,1,18.5,0,0,18.5,10/8/2017
Art & Sculpture,12,432,-25.2,0,406.8,10/9/2017
Art & Sculpture,2,65.6,0,0,65.6,10/10/2017
Basket,2,56,0,0,56,10/10/2017
Art & Sculpture,2,64,0,0,64,10/11/2017
Art & Sculpture,2,64,0,0,64,10/12/2017
Art & Sculpture,2,56,0,0,56,10/13/2017
Basket,1,68,0,0,68,10/14/2017
Basket,1,125,0,0,125,10/16/2017
Art & Sculpture,2,56,0,0,56,10/17/2017
Basket,3,114,-3.8,0,110.2,10/17/2017
Jewelry,1,22,0,0,22,10/17/2017
Kitchen,2,36,0,0,36,10/17/2017
Art & Sculpture,4,56,0,0,56,10/18/2017
Art & Sculpture,2,56,0,0,56,10/19/2017
Basket,2,230,0,0,230,10/19/2017
Home Decor,1,34,0,0,34,10/19/2017
Art & Sculpture,1,54,0,0,54,10/20/2017
Basket,1,288,-28.8,0,259.2,10/20/2017
Kids,1,18,0,0,18,10/20/2017
Kitchen,5,52.5,-3.15,0,49.35,10/20/2017
Art & Sculpture,2,26.4,-1.32,0,25.08,10/21/2017
Basket,10,1100,-26.13,0,1073.87,10/21/2017
Art & Sculpture,2,36,-1.16,0,34.84,10/22/2017
Basket,11,393.25,-25,0,368.25,10/22/2017
Soapstone,9,168,0,0,168,10/22/2017
Basket,6,264,-8.8,0,255.2,10/23/2017
Jewelry,2,56,0,0,56,10/23/2017
Basket,1,185,0,0,185,10/24/2017
Basket,1,185,0,0,185,10/26/2017
Soapstone,1,22,0,0,22,10/27/2017
Basket,1,46,-4.6,0,41.4,10/29/2017
Jewelry,1,28,0,0,28,10/29/2017
Kitchen,2,84,0,-28,56,10/29/2017
Basket,2,68,0,0,68,10/31/2017
Christmas,1,18,-1.81,0,16.19,11/1/2017
Christmas,12,216,-1.8,0,214.2,11/2/2017
Home Decor,1,82,0,0,82,11/3/2017
Basket,1,48,0,0,48,11/4/2017
Home Decor,1,82,0,0,82,11/5/2017
Basket,1,58,0,0,58,11/6/2017
Home Decor,2,92,0,0,92,11/7/2017
Basket,1,195,0,0,195,11/9/2017
Basket,2,84,0,0,84,11/10/2017
Home Decor,1,68,0,0,68,11/10/2017
Basket,2,96,0,0,96,11/11/2017
Home Decor,1,68,0,0,68,11/11/2017
Basket,1,145,0,0,145,11/12/2017
Christmas,5,440,0,0,440,11/12/2017
Home Decor,1,68,0,0,68,11/12/2017
Art & Sculpture,2,132,0,-44,88,11/13/2017
Basket,1,42,-4.2,0,37.8,11/13/2017
Christmas,16,352,0,0,352,11/13/2017
Home Decor,1,65,0,0,65,11/13/2017
Jewelry,1,28,0,0,28,11/13/2017
Christmas,15,290,0,0,290,11/14/2017
Art & Sculpture,2,48,0,0,48,11/15/2017
Christmas,13,234,0,0,234,11/15/2017
Jewelry,1,18,0,0,18,11/15/2017
Art & Sculpture,3,45,0,0,45,11/16/2017
Christmas,5,190,0,0,190,11/16/2017
Art & Sculpture,1,45,0,0,45,11/17/2017
Basket,1,195,0,0,195,11/17/2017
Art & Sculpture,1,45,0,0,45,11/19/2017
Basket,2,350,0,0,350,11/19/2017
Art & Sculpture,1,45,0,0,45,11/20/2017
Basket,1,195,0,0,195,11/20/2017
Home Decor,1,64,0,0,64,11/20/2017
Art & Sculpture,1,44,0,0,44,11/21/2017
Basket,3,156,-5.2,0,150.8,11/22/2017
Kids,1,24,0,0,24,11/22/2017
Kitchen,5,140,-5.6,0,134.4,11/22/2017
Basket,1,44,0,0,44,11/23/2017
Art & Sculpture,1,44,0,0,44,11/24/2017
Basket,1,240,-24,0,216,11/24/2017
Christmas,58,1392,-45.6,0,1346.4,11/24/2017
Jewelry,3,66,0,0,66,11/24/2017
Kids,1,34,-3.4,0,30.6,11/24/2017
Kitchen,29,309.5,-14.16,0,295.34,11/24/2017
One-of-a-Kind,1,450,-45,0,405,11/24/2017
Art & Sculpture,4,960,-92,0,868,11/25/2017
Basket,1,240,-24,0,216,11/25/2017
Christmas,90,2160,-45.59,0,2114.41,11/25/2017
Kids,1,32,-3.2,0,28.8,11/25/2017
One-of-a-Kind,1,135,-13.49,0,121.51,11/25/2017
Art & Sculpture,15,1110,-46.99,0,1063.01,11/26/2017
Basket,0,116,-23.2,-92.8,0,11/26/2017
Christmas,11,924,-33.6,0,890.4,11/26/2017
Kids,1,32,-3.2,0,28.8,11/26/2017
One-of-a-Kind,1,200,0,0,200,11/26/2017
Art & Sculpture,30,1260,-46.2,0,1213.8,11/27/2017
Christmas,9,252,-22.4,0,229.6,11/27/2017
Kids,1,24,-2.4,0,21.6,11/27/2017
Kitchen,14,192,-4.8,0,187.2,11/27/2017
One-of-a-Kind,1,195,0,0,195,11/27/2017
Art & Sculpture,2,44,0,0,44,11/28/2017
Soapstone,1,14,0,0,14,11/28/2017
Art & Sculpture,1,44,0,0,44,11/29/2017
Basket,1,34,-3.4,0,30.6,11/29/2017
Kitchen,1,18,-1.8,0,16.2,11/29/2017
Art & Sculpture,2,44,0,0,44,11/30/2017
Kitchen,1,18,0,0,18,11/30/2017
Jewelry,33,1584,-69.19,0,1514.81,11/30/2017
Art & Sculpture,3,43.2,0,0,43.2,12/1/2017
Basket,9,995,-22.5,0,972.5,12/1/2017
Christmas,3,108,-3.6,0,104.4,12/1/2017
Art & Sculpture,9,292,-3.52,0,288.48,12/2/2017
Basket,3,525,-19.5,0,505.5,12/2/2017
Christmas,1,36,-3.6,0,32.4,12/2/2017
Textiles,4,88,-4.4,0,83.6,12/2/2017
Art & Sculpture,3,115,-3.5,0,111.5,12/3/2017
Basket,3,194,-19.4,0,174.6,12/3/2017
Christmas,12,408,-3.4,0,404.6,12/3/2017
Art & Sculpture,3,96,-3.2,0,92.8,12/4/2017
Basket,12,528,-18.8,0,509.2,12/4/2017
Christmas,1,34,-3.4,0,30.6,12/4/2017
Art & Sculpture,11,352,-3.19,0,348.81,12/5/2017
Basket,1,185,-18.5,0,166.5,12/5/2017
Christmas,3,65,-2.5,0,62.5,12/5/2017
Art & Sculpture,3,84,-2.99,0,81.01,12/6/2017
Basket,1,185,-18.5,0,166.5,12/6/2017
Christmas,3,92,-2.41,0,89.59,12/6/2017
Soapstone,9,193,0,0,193,12/6/2017
Art & Sculpture,2,92,-2.8,0,89.2,12/7/2017
Basket,1,185,-18.5,0,166.5,12/7/2017
Christmas,21,462,-2.2,0,459.8,12/7/2017
Art & Sculpture,5,130,-2.6,0,127.4,12/8/2017
Basket,1,185,-18.5,0,166.5,12/8/2017
Christmas,3,66,-2.2,0,63.8,12/8/2017
Art & Sculpture,1,26,-2.6,0,23.4,12/9/2017
Basket,2,112,-16.8,0,95.2,12/9/2017
Christmas,4,88,-2.19,0,85.81,12/9/2017
Art & Sculpture,1,26,-2.59,0,23.41,12/10/2017
Basket,5,550,-22,0,528,12/10/2017
Art & Sculpture,2,90,-2.5,0,87.5,12/11/2017
Basket,1,220,-22,0,198,12/11/2017
Art & Sculpture,1,45,-2.5,0,42.5,12/12/2017
Basket,1,205,-20.5,0,184.5,12/12/2017
Kids,1,18,0,0,18,12/12/2017
Kitchen,5,140,0,0,140,12/12/2017
Art & Sculpture,1,24,-2.4,0,21.6,12/13/2017
Basket,11,1925,-19.5,0,1905.5,12/13/2017
Jewelry,8,244,-5.1,0,238.9,12/14/2017
,1,48,0,0,48,12/14/2017
Basket,1,94,0,0,94,12/15/2017
Home Decor,5,190,-9.6,0,180.4,12/15/2017
Art & Sculpture,9,154,-2.2,0,151.8,12/17/2017
Art & Sculpture,1,42,0,0,42,12/18/2017
Basket,1,145,0,0,145,12/18/2017
Art & Sculpture,2,42,0,0,42,12/19/2017
Basket,9,990,-3.48,0,986.52,12/19/2017
Christmas,6,132,0,0,132,12/19/2017
Home Decor,2,96,-9.6,0,86.4,12/19/2017
Art & Sculpture,1,42,0,0,42,12/20/2017
Basket,5,292,-5.12,-38.88,248,12/20/2017
Christmas,2,128,0,0,128,12/20/2017
Furniture,1,46,0,0,46,12/20/2017
Christmas,4,252,0,-140,112,12/21/2017
Art & Sculpture,1,42,0,0,42,12/22/2017
Recycled Art,1,25,-3.95,0,21.05,12/22/2017
Soapstone,1,28,-2.8,0,25.2,12/23/2017
Basket,4,196,-4.4,0,191.6,12/24/2017
Kitchen,2,56,0,0,56,12/24/2017
Basket,3,60,-5,0,55,12/25/2017
Art & Sculpture,1,42,0,0,42,12/26/2017
Basket,1,195,-19.5,0,175.5,12/26/2017
Art & Sculpture,25,950,-19.6,0,930.4,12/27/2017
Basket,1,195,-19.5,0,175.5,12/27/2017
Art & Sculpture,10,995,-19.59,-99.21,876.2,12/28/2017
Basket,1,195,-19.5,0,175.5,12/28/2017
Jewelry,2,20,0,0,20,12/28/2017
Kitchen,1,115,-11.5,0,103.5,12/28/2017
Jewelry,1,12,0,0,12,12/30/2017
Basket,1,44,0,0,44,12/31/2017
Art & Sculpture,2,350,-19.5,0,330.5,1/1/2018
Basket,13,3944,-316.8,0,3627.2,1/1/2018
Kitchen,1,32,0,0,32,1/1/2018
Art & Sculpture,6,288,-9.61,0,278.39,1/2/2018
Basket,20,1560,-49.8,0,1510.2,1/2/2018
Christmas,2,36,0,0,36,1/2/2018
Art & Sculpture,3,132,-8.8,0,123.2,1/3/2018
Basket,1,185,-39,0,146,1/3/2018
Christmas,2,36,0,0,36,1/3/2018
Kitchen,3,84,-2.8,0,81.2,1/3/2018
Art & Sculpture,1,88,-8.8,0,79.2,1/4/2018
Basket,6,1225,-35,-195,995,1/4/2018
Christmas,1,28,0,0,28,1/4/2018
Art & Sculpture,12,216,-8.4,0,207.6,1/5/2018
Basket,2,350,-35,0,315,1/5/2018
Christmas,1,22,0,0,22,1/5/2018
Art & Sculpture,3,132,-8.4,0,123.6,1/6/2018
Basket,4,414,-33,0,381,1/6/2018
Basket,1,115,0,0,115,1/7/2018
Jewelry,6,204,0,0,204,1/7/2018
Jewelry,3,204,0,0,204,1/8/2018
Kitchen,3,120,0,0,120,1/8/2018
Jewelry,2,196,0,0,196,1/9/2018
Home Decor,5,112.5,-4.82,0,107.68,1/10/2018
Jewelry,3,194,0,0,194,1/10/2018
Textiles,2,96,-9.6,0,86.4,1/10/2018
Jewelry,2,156,0,0,156,1/11/2018
Jewelry,32,1536,-96.8,0,1439.2,2/11/2018
Basket,0,195,0,-195,0,1/12/2018
Kitchen,1,28,0,0,28,1/12/2018
Art & Sculpture,3,126,-8.4,0,117.6,1/13/2018
Basket,19,622,-94.6,0,527.4,1/13/2018
Art & Sculpture,5,96,-2,0,94,1/14/2018
Basket,9,1225,-90,0,1135,1/14/2018
Art & Sculpture,3,59,-1.9,0,57.1,1/15/2018
Basket,19,3035,-63.25,0,2971.75,1/15/2018
Art & Sculpture,2,38,-1.9,0,36.1,1/16/2018
Basket,5,1469,-59.6,0,1409.4,1/16/2018
Basket,3,330,0,0,330,1/21/2018
Basket,1,48,0,0,48,1/22/2018
Jewelry,5,140,0,0,140,1/22/2018
Basket,9,398,-4.2,0,393.8,1/23/2018
Home Decor,8,192,-4.8,0,187.2,1/23/2018
Kids,1,30,0,0,30,1/24/2018
Kitchen,6,204,0,0,204,1/24/2018
Basket,2,220,0,0,220,1/25/2018
Home Decor,3,144,-4.8,0,139.2,1/25/2018
Art & Sculpture,6,122,-1.8,0,120.2,1/26/2018
Jewelry,2,136,0,0,136,1/26/2018
Art & Sculpture,2,40,0,0,40,1/27/2018
Jewelry,3,126,0,0,126,1/27/2018
Art & Sculpture,1,38,0,0,38,1/28/2018
Basket,2,136,0,0,136,1/28/2018
Jewelry,2,123,0,0,123,1/28/2018
Art & Sculpture,1,38,0,0,38,1/29/2018
Basket,3,348,0,0,348,1/29/2018
Jewelry,3,122,0,0,122,1/30/2018
Soapstone,3,60,0,0,60,1/31/2018
Recycled Art,12,180,0,0,180,2/1/2018
Jewelry,2,56,0,0,56,2/3/2018
Soapstone,3,90,0,0,90,2/4/2018
Basket,2,232,0,0,232,2/5/2018
Home Decor,4,292,-6.8,0,285.2,2/5/2018
Jewelry,2,68,-3.4,0,64.6,2/5/2018
Art & Sculpture,1,38,0,0,38,2/7/2018
Basket,1,125,0,0,125,2/7/2018
Jewelry,1,34,-3.4,0,30.6,2/7/2018
Art & Sculpture,1,38,0,0,38,2/8/2018
Basket,1,58,0,0,58,2/8/2018
Jewelry,2,64,-3.21,0,60.79,2/8/2018
Art & Sculpture,1,38,0,0,38,2/9/2018
Art & Sculpture,1,38,0,0,38,2/10/2018
Basket,1,58,0,0,58,2/10/2018
Jewelry,2,64,-3.2,0,60.8,2/10/2018
One-of-a-Kind,1,125,0,0,125,2/11/2018
Soapstone,1,24,0,0,24,2/11/2018
Art & Sculpture,2,36,0,0,36,2/12/2018
Jewelry,1,32,-3.2,0,28.8,2/12/2018
Kitchen,1,28,0,0,28,2/12/2018
One-of-a-Kind,1,135,0,0,135,2/12/2018
Art & Sculpture,2,36,0,0,36,2/13/2018
Kitchen,2,88,-4.4,0,83.6,2/13/2018
Basket,1,24,0,0,24,2/14/2018
Jewelry,9,336,-3.15,0,332.85,2/14/2018
Soapstone,2,96,-3.8,0,92.2,2/14/2018
Art & Sculpture,1,36,0,0,36,2/15/2018
Art & Sculpture,1,36,0,0,36,2/16/2018
Basket,2,88,0,0,88,2/16/2018
Home Decor,2,136,-6.8,0,129.2,2/16/2018
Jewelry,3,104.5,-2.85,0,101.65,2/16/2018
Art & Sculpture,2,36,0,0,36,2/17/2018
Soapstone,9,126,-1.8,0,124.2,2/17/2018
Soapstone,4,84,-3.61,0,80.39,2/18/2018
Basket,3,160,0,0,160,2/20/2018
Basket,1,46,-4.6,0,41.4,2/21/2018
Home Decor,2,136,-6.8,0,129.2,2/21/2018
Jewelry,1,28,0,0,28,2/21/2018
Kitchen,2,56,0,0,56,2/21/2018
Soapstone,1,12,0,0,12,2/22/2018
Basket,1,28,0,0,28,2/25/2018
Home Decor,1,68,-6.8,0,61.2,2/25/2018
Basket,1,185,0,0,185,2/26/2018
Jewelry,5,140,-2.8,0,137.2,2/26/2018
Kids,2,56,-2.8,0,53.2,2/28/2018
Kitchen,13,156,0,0,156,2/28/2018
Jewelry,1,48,0,0,48,3/1/2018
Basket,15,1260,0,0,1260,3/2/2018
Home Decor,2,136,0,0,136,3/2/2018
Kitchen,1,18,0,0,18,3/2/2018
Basket,1,46,-4.6,0,41.4,3/4/2018
Jewelry,1,28,0,0,28,3/4/2018
Kitchen,2,86,0,0,86,3/4/2018
Basket,2,86,0,0,86,3/5/2018
Basket,1,98,0,0,98,3/6/2018
Basket,1,185,0,0,185,3/7/2018
Jewelry,3,102,-10.21,0,91.79,3/7/2018
Music,1,22,0,0,22,3/7/2018
Jewelry,15,920,-9.6,0,910.4,3/8/2018
Jewelry,6,288,-9.6,0,278.4,3/9/2018
Jewelry,5,240,-9.6,0,230.4,3/10/2018
Basket,2,232,0,0,232,3/11/2018
Basket,1,145,0,0,145,3/12/2018
Home Decor,2,130,0,0,130,3/12/2018
Art & Sculpture,2,36,0,0,36,3/14/2018
Art & Sculpture,1,32,0,0,32,3/15/2018
Basket,3,525,0,0,525,3/15/2018
Art & Sculpture,1,32,0,0,32,3/16/2018
Art & Sculpture,1,32,0,0,32,3/17/2018
Basket,3,84,0,0,84,3/18/2018
Art & Sculpture,1,28,0,0,28,3/19/2018
Art & Sculpture,1,28,0,0,28,3/20/2018
Soapstone,3,64,-9.8,0,54.2,3/20/2018
Art & Sculpture,1,28,0,0,28,3/21/2018
Art & Sculpture,1,28,0,0,28,3/22/2018
Basket,1,185,0,0,185,3/23/2018
Home Decor,2,130,0,0,130,3/23/2018
Music,1,16,0,0,16,3/23/2018
Art & Sculpture,1,25.6,0,0,25.6,3/24/2018
Jewelry,1,38,0,0,38,3/24/2018
Kitchen,3,31.5,-2.62,0,28.88,3/24/2018
Art & Sculpture,1,24,0,0,24,3/25/2018
Basket,4,900,0,0,900,3/25/2018
Home Decor,2,128,0,0,128,3/25/2018
Kitchen,1,16,0,0,16,3/25/2018
Art & Sculpture,1,24,0,0,24,3/26/2018
Art & Sculpture,1,24,0,0,24,3/27/2018
Basket,1,165,-16.5,0,148.5,3/27/2018
Basket,1,185,0,0,185,3/28/2018
Art & Sculpture,4,458,-15.6,0,442.4,4/1/2018
Art & Sculpture,1,24,0,0,24,4/2/2018
Basket,6,228,-3.4,0,224.6,4/2/2018
Home Decor,19,1948,-46.85,0,1901.15,4/2/2018
Kitchen,1,28,-2.8,0,25.2,4/2/2018
Art & Sculpture,1,22,0,0,22,4/3/2018
Easter,1,38,-3.8,0,34.2,4/3/2018
Soapstone,1,24,0,0,24,4/3/2018
Kitchen,1,32,0,0,32,4/4/2018
Basket,1,125,0,0,125,4/5/2018
Basket,1,38,0,0,38,4/6/2018
Home Decor,19,1496,-44,0,1452,4/6/2018
Basket,1,58,0,0,58,4/8/2018
Home Decor,18,1224,-40.8,0,1183.2,4/8/2018
Art & Sculpture,1,22,0,0,22,4/10/2018
Basket,1,94,0,0,94,4/10/2018
Home Decor,5,320,-38.4,0,281.6,4/10/2018
Jewelry,1,34,0,0,34,4/11/2018
Kitchen,2,136,-6.8,0,129.2,4/11/2018
Art & Sculpture,1,18,0,0,18,4/12/2018
Basket,1,195,0,0,195,4/12/2018
Art & Sculpture,1,18,0,0,18,4/13/2018
Art & Sculpture,1,18,0,0,18,4/14/2018
Basket,1,38,0,0,38,4/14/2018
Basket,1,58,0,0,58,4/15/2018
Basket,1,220,0,-110,110,4/17/2018
Kitchen,1,24,0,0,24,4/17/2018
Kids,1,34,0,0,34,4/18/2018
Kitchen,9,99.5,-1.05,0,98.45,4/18/2018
Basket,3,204,0,0,204,4/19/2018
Music,1,32,-1.6,-14.4,16,4/19/2018
Basket,1,58,-5.8,0,52.2,4/20/2018
Jewelry,1,48,0,0,48,4/20/2018
Basket,1,116,0,0,116,4/21/2018
Home Decor,3,180,-24,0,156,4/21/2018
Basket,2,96,0,0,96,4/23/2018
Soapstone,1,18,0,0,18,4/24/2018
Basket,9,196,-8.39,0,187.61,4/27/2018
Jewelry,13,624,-19.2,0,604.8,4/27/2018
Kids,1,30,-3,0,27,4/27/2018
Kitchen,9,92,0,0,92,4/27/2018
Jewelry,10,340,-18.6,0,321.4,4/28/2018
Jewelry,19,496,-18.2,0,477.8,4/29/2018
Soapstone,4,64,-4.8,0,59.2,4/29/2018
Kitchen,1,96,0,0,96,5/1/2018
Basket,1,145,0,0,145,5/3/2018
Skin Care,3,55.5,0,0,55.5,5/4/2018
Art & Sculpture,1,18,0,0,18,5/5/2018
Basket,1,125,-12.5,0,112.5,5/5/2018
Jewelry,2,68,0,0,68,5/5/2018
Kids,4,69.5,0,0,69.5,5/5/2018
Art & Sculpture,58,1392,-36,0,1356,5/6/2018
Basket,1,48,-12,0,36,5/6/2018
Jewelry,1,34,0,0,34,5/6/2018
Basket,2,390,0,0,390,5/7/2018
Home Decor,1,92,0,0,92,5/7/2018
Art & Sculpture,59,1062,-33.6,0,1028.4,5/8/2018
Basket,3,114,-11.6,-28,74.4,5/8/2018
Art & Sculpture,1,156,-31.2,0,124.8,5/9/2018
Basket,2,232,-11.6,0,220.4,5/9/2018
Kitchen,1,96,0,0,96,5/9/2018
Soapstone,1,18,0,0,18,5/11/2018
Basket,1,145,0,0,145,5/12/2018
Home Decor,1,88,0,0,88,5/12/2018
Art & Sculpture,18,1352,-31.99,-258,1062.01,5/13/2018
Basket,3,125,-8.9,0,116.1,5/14/2018
Kids,2,32,0,0,32,5/14/2018
Kitchen,10,106.5,-4.19,0,102.31,5/14/2018
Art & Sculpture,4,166,0,0,166,5/15/2018
Basket,2,148,0,0,148,5/15/2018
Art & Sculpture,1,165,0,0,165,5/16/2018
Soapstone,9,126,0,0,126,5/16/2018
Basket,3,132,0,0,132,5/17/2018
Home Decor,1,88,0,0,88,5/17/2018
Basket,2,350,0,0,350,5/19/2018
Basket,4,194,-5,0,189,5/20/2018
Basket,3,1199,0,-288,911,5/24/2018
Art & Sculpture,2,163,0,0,163,5/25/2018
Basket,5,240,-14.6,0,225.4,5/25/2018
Art & Sculpture,5,638,-12.4,0,625.6,5/26/2018
Basket,1,145,-14.5,0,130.5,5/26/2018
Art & Sculpture,5,636,-12.4,0,623.6,5/27/2018
Basket,2,144,-14.4,0,129.6,5/27/2018
Soapstone,5,50,0,0,50,5/27/2018
Art & Sculpture,6,348,-11.6,0,336.4,5/28/2018
Basket,4,150,-13.68,0,136.32,5/28/2018
Art & Sculpture,3,184,-11.6,0,172.4,5/29/2018
Basket,1,136,-13.6,0,122.4,5/29/2018
Art & Sculpture,9,126,-5.4,0,120.6,5/30/2018
Basket,4,208,-13.01,0,194.99,5/30/2018
Art & Sculpture,4,312,-5.2,-104,202.8,5/31/2018
Basket,1,125,-12.5,0,112.5,5/31/2018
Art & Sculpture,2,1625,-5,0,1620,6/1/2018
Basket,1,116,-11.6,0,104.4,6/1/2018
Art & Sculpture,18,450,-5,0,445,6/2/2018
Basket,1,58,-11.6,0,46.4,6/2/2018
Basket,2,88,-4.4,0,83.6,6/3/2018
Home Decor,2,56,-2.8,0,53.2,6/3/2018
Jewelry,1,28,0,0,28,6/3/2018
Soapstone,2,36,0,0,36,6/4/2018
Kids,12,264,0,0,264,6/6/2018
Basket,3,84,-8.41,0,75.59,6/7/2018
Jewelry,2,56,0,0,56,6/7/2018
Kids,1,38,0,0,38,6/7/2018
Kitchen,9,103.5,-3.15,0,100.35,6/7/2018
Basket,2,88,-8.8,0,79.2,6/9/2018
Jewelry,2,56,0,0,56,6/9/2018
Kids,2,31.5,0,0,31.5,6/9/2018
Kitchen,9,112,-4.8,0,107.2,6/9/2018
Basket,1,195,0,0,195,6/10/2018
Home Decor,1,24,-2.4,0,21.6,6/10/2018
Jewelry,1,28,0,0,28,6/14/2018
Kitchen,2,56,0,0,56,6/14/2018
Basket,4,184,-4.6,0,179.4,6/15/2018
Kitchen,2,36,-1.8,0,34.2,6/15/2018
Basket,1,145,0,0,145,6/16/2018
Basket,3,138,0,0,138,6/17/2018
Jewelry,1,48,0,0,48,6/18/2018
Art & Sculpture,5,312,-5,0,307,6/19/2018
Basket,1,145,0,0,145,6/19/2018
Home Decor,2,40,-1.9,0,38.1,6/19/2018
Art & Sculpture,2,136,0,0,136,6/20/2018
Basket,1,125,0,0,125,6/20/2018
Home Decor,2,98.95,0,-26.25,72.7,6/20/2018
Art & Sculpture,2,136,0,0,136,6/21/2018
Basket,2,330,0,0,330,6/21/2018
Art & Sculpture,2,136,0,0,136,6/22/2018
Kitchen,1,36,0,0,36,6/23/2018
Basket,5,309,0,0,309,6/26/2018
Jewelry,1,28,0,0,28,6/29/2018
Kitchen,2,44,0,0,44,6/29/2018
Furniture,2,130,-13,0,117,6/30/2018
Home Decor,9,899,0,0,899,6/30/2018
Basket,2,84,0,0,84,7/1/2018
Basket,2,144,0,0,144,7/2/2018
Home Decor,3,114,-3.8,0,110.2,7/2/2018
Basket,1,110,0,0,110,7/3/2018
Home Decor,2,96,-3.8,0,92.2,7/3/2018
Art & Sculpture,2,136,0,0,136,7/4/2018
Basket,1,115,-11.5,0,103.5,7/4/2018
Basket,3,96,-6.4,0,89.6,7/6/2018
Jewelry,2,48,0,0,48,7/6/2018
Kids,1,32,0,0,32,7/6/2018
Kitchen,8,100,0,0,100,7/6/2018
Art & Sculpture,9,496,-20.4,0,475.6,7/7/2018
Basket,1,68,0,0,68,7/7/2018
Basket,3,144,-4.8,0,139.2,7/8/2018
Jewelry,1,34,0,0,34,7/8/2018
Art & Sculpture,1,125,0,0,125,7/9/2018
Art & Sculpture,1,120,0,0,120,7/11/2018
Basket,1,136,0,0,136,7/11/2018
Art & Sculpture,1,115,0,0,115,7/12/2018
Basket,2,92,-3.61,0,88.39,7/13/2018
Kitchen,1,125,-12.5,0,112.5,7/13/2018
Basket,1,94,-9.4,0,84.6,7/15/2018
Jewelry,1,58,0,0,58,7/15/2018
Kids,3,54,0,0,54,7/15/2018
Kitchen,20,560,-2.81,0,557.19,7/15/2018
Basket,1,195,0,0,195,7/16/2018
Home Decor,2,96,-3.8,0,92.2,7/16/2018
Jewelry,1,62,0,0,62,7/17/2018
Kids,3,45,-1.36,0,43.64,7/17/2018
Basket,1,42,0,0,42,7/18/2018
Jewelry,3,54,0,0,54,7/20/2018
Basket,1,68,-6.8,0,61.2,7/21/2018
Kids,1,30,-3,0,27,7/21/2018
Kitchen,9,96.5,0,0,96.5,7/21/2018
Basket,3,132,-4.4,0,127.6,7/23/2018
Jewelry,1,28,0,0,28,7/23/2018
Kitchen,2,48,0,0,48,7/23/2018
Basket,1,145,-5,0,140,7/27/2018
Jewelry,1,38,0,0,38,7/27/2018
Kitchen,4,140,0,0,140,7/27/2018
,1,24,0,0,24,7/30/2018
Basket,1,145,0,0,145,7/31/2018
Basket,1,195,0,0,195,8/2/2018
Jewelry,1,92,-9.2,0,82.8,8/2/2018
Home Decor,2,96,-15.2,0,80.8,8/3/2018
Jewelry,6,252,-8.41,0,243.59,8/8/2018
Skin Care,1,18.5,-1.85,0,16.65,8/8/2018
Jewelry,16,448,-8.4,0,439.6,8/10/2018
Jewelry,3,102,-6.8,0,95.2,8/11/2018
Jewelry,2,68,-6.8,0,61.2,8/12/2018
Jewelry,1,30,0,0,30,8/13/2018
Kitchen,2,68,-3.4,0,64.6,8/13/2018
Art & Sculpture,3,114,0,0,114,8/14/2018
Basket,2,104,-3.61,-34,66.39,8/14/2018
Jewelry,1,22,0,0,22,8/14/2018
Kitchen,2,30,0,0,30,8/14/2018
Art & Sculpture,1,88,0,0,88,8/15/2018
Home Decor,2,96,-15.2,0,80.8,8/16/2018
Art & Sculpture,3,84,0,0,84,8/17/2018
Basket,1,24,0,0,24,8/17/2018
Home Decor,6,228,-15.19,0,212.81,8/17/2018
Basket,1,48,0,0,48,8/18/2018
Home Decor,1,94,-14.99,0,79.01,8/18/2018
Kitchen,2,44,0,0,44,8/19/2018
Basket,1,195,0,0,195,8/20/2018
Home Decor,1,94,-14.8,0,79.2,8/20/2018
Basket,1,195,0,0,195,8/21/2018
Home Decor,1,94,-14.8,0,79.2,8/21/2018
Basket,4,194,-4.4,0,189.6,8/23/2018
Home Decor,2,288,-14.39,0,273.61,8/23/2018
Basket,2,596,0,0,596,8/24/2018
Home Decor,8,544,-13.6,0,530.4,8/24/2018
Kitchen,0,16.5,0,-16.5,0,8/24/2018
Home Decor,4,286,-13.6,0,272.4,8/25/2018
Soapstone,5,140,-4.99,0,135.01,8/25/2018
Basket,1,42,0,0,42,8/26/2018
Home Decor,2,130,-13,0,117,8/26/2018
Basket,1,185,0,0,185,8/27/2018
Basket,1,145,0,0,145,8/29/2018
Basket,2,96,0,0,96,8/30/2018
Home Decor,2,249,-12.5,0,236.5,8/30/2018
Art & Sculpture,2,80,0,0,80,8/31/2018
Basket,10,1100,-11,0,1089,8/31/2018
Art & Sculpture,6,216,-14.4,0,201.6,9/1/2018
Basket,3,330,-11,0,319,9/1/2018
Soapstone,1,18,-1.8,0,16.2,9/1/2018
Art & Sculpture,4,182,-14.4,0,167.6,9/2/2018
Basket,2,220,-11,0,209,9/2/2018
Kids,2,32,0,0,32,9/2/2018
Kitchen,9,506,-5.8,0,500.2,9/2/2018
Art & Sculpture,25,450,-14.39,0,435.61,9/3/2018
Basket,1,110,-11,0,99,9/3/2018
Kitchen,1,96,-4.8,-48,43.2,9/3/2018
Fair Trade Gifts,1,12,0,0,12,9/4/2018
Recycled Art,3,96,-6.4,0,89.6,9/5/2018
Kitchen,1,39,0,0,39,9/6/2018
Basket,1,115,-5,0,110,9/8/2018
Kitchen,4,56,0,0,56,9/8/2018
Basket,2,92,0,0,92,9/9/2018
Basket,5,206,-9.2,-34,162.8,9/10/2018
Home Decor,1,45,0,0,45,9/11/2018
Skin Care,4,94,-1.85,0,92.15,9/11/2018
Basket,1,145,0,0,145,9/12/2018
Kitchen,1,18,0,0,18,9/14/2018
Basket,3,144,-4.8,0,139.2,9/15/2018
Kitchen,3,106,0,0,106,9/15/2018
Home Decor,1,42,0,0,42,9/16/2018
Soapstone,1,28,0,0,28,9/16/2018
Basket,1,48,0,0,48,9/17/2018
Kids,1,18,0,0,18,9/18/2018
Kitchen,4,80,-10,0,70,9/18/2018
Basket,1,120,0,0,120,9/19/2018
Basket,1,125,0,0,125,9/20/2018
Basket,3,144,-4.8,0,139.2,9/21/2018
Home Decor,1,41.6,0,0,41.6,9/21/2018
Kitchen,3,84,0,0,84,9/21/2018
Art & Sculpture,8,224,-14,0,210,9/22/2018
Music,1,16,0,0,16,9/22/2018
Art & Sculpture,1,68,0,0,68,9/23/2018
Basket,1,34,0,0,34,9/23/2018
Music,2,44,0,0,44,9/24/2018
Art & Sculpture,1,68,0,0,68,9/25/2018
Basket,2,615,0,-205,410,9/25/2018
Kitchen,1,28,0,0,28,9/25/2018
Art & Sculpture,1,68,0,0,68,9/26/2018
Art & Sculpture,3,66,0,0,66,9/27/2018
Art & Sculpture,3,66,0,0,66,9/28/2018
Basket,1,195,0,0,195,9/28/2018
Home Decor,2,40,0,0,40,9/28/2018
Basket,2,88,0,0,88,9/30/2018
Basket,1,195,0,0,195,10/1/2018
Basket,1,28,0,0,28,10/3/2018
Recycled Art,1,48,0,0,48,10/5/2018
Basket,1,145,0,0,145,10/9/2018
Furniture,1,110,0,0,110,10/9/2018
Skin Care,6,228,0,0,228,10/10/2018
Basket,1,185,0,0,185,10/13/2018
Home Decor,1,58.5,0,0,58.5,10/14/2018
Kitchen,1,90,0,0,90,10/15/2018
Art & Sculpture,3,66,0,0,66,10/16/2018
Basket,1,34,-5.1,0,28.9,10/16/2018
Home Decor,1,58,0,0,58,10/16/2018
Jewelry,1,42,0,0,42,10/16/2018
Kitchen,4,80,-4,0,76,10/16/2018
Jewelry,1,38,0,0,38,10/17/2018
Kitchen,3,84,-2.8,0,81.2,10/17/2018
Textiles,5,564,-44,0,520,10/19/2018
Basket,1,145,0,0,145,10/21/2018
Kitchen,3,84,-2.8,0,81.2,10/25/2018
Soapstone,1,18,0,0,18,10/28/2018
Christmas,1,18,0,0,18,10/29/2018
Music,2,34,-3.4,0,30.6,10/31/2018
Basket,3,90,0,0,90,11/1/2018
Basket,2,92,0,0,92,11/2/2018
Christmas,6,126,0,0,126,11/2/2018
Christmas,4,96,0,0,96,11/3/2018
Home Decor,1,62,0,0,62,11/3/2018
Skin Care,5,92.5,-1.85,0,90.65,11/3/2018
Christmas,5,90,0,0,90,11/4/2018
Recycled Art,9,262,-3,0,259,11/4/2018
Basket,1,48,0,0,48,11/5/2018
Art & Sculpture,12,192,-6.42,0,185.58,11/6/2018
Jewelry,1,34,0,0,34,11/6/2018
Kitchen,3,54,0,0,54,11/6/2018
Art & Sculpture,3,54,0,0,54,11/7/2018
Basket,1,185,0,0,185,11/7/2018
Home Decor,1,60,0,0,60,11/7/2018
Art & Sculpture,1,52,0,0,52,11/8/2018
Soapstone,2,32,0,0,32,11/9/2018
Art & Sculpture,2,50,0,0,50,11/10/2018
Jewelry,1,58,0,0,58,11/10/2018
Kids,3,66,0,0,66,11/10/2018
Kitchen,20,220.5,-16.92,0,203.58,11/10/2018
Art & Sculpture,3,49.3,0,0,49.3,11/11/2018
Art & Sculpture,1,48,0,0,48,11/12/2018
Art & Sculpture,1,48,0,0,48,11/13/2018
Art & Sculpture,1,48,0,0,48,11/14/2018
,1,128,0,0,128,11/14/2018
Home Decor,1,34,0,0,34,11/16/2018
Basket,1,62,0,0,62,11/16/2018
Art & Sculpture,1,48,0,0,48,11/17/2018
Basket,1,48,0,0,48,11/17/2018
Basket,1,145,0,0,145,11/18/2018
Furniture,3,114,0,0,114,11/18/2018
Basket,1,88,-8.8,0,79.2,11/19/2018
Jewelry,2,56,0,0,56,11/19/2018
Basket,3,148,0,0,148,11/20/2018
Christmas,2,136,-6.8,0,129.2,11/20/2018
Basket,1,34,0,0,34,11/21/2018
Art & Sculpture,1,48,0,0,48,11/22/2018
Art & Sculpture,2,324,-16.2,0,307.8,11/23/2018
Basket,3,360,-24,0,336,11/23/2018
Christmas,16,306,-1.8,-18,286.2,11/23/2018
Fair Trade Gifts,2,52,-5.2,0,46.8,11/23/2018
Home Decor,9,304,-15.2,-38,250.8,11/23/2018
Jewelry,29,462,-8.41,-56,397.59,11/23/2018
Kids,4,128,-3.2,0,124.8,11/23/2018
Kitchen,19,228,-5.99,0,222.01,11/23/2018
Textiles,2,134,-5.9,-58,70.1,11/23/2018
Art & Sculpture,9,1466,-95.89,0,1370.11,11/24/2018
Basket,1,240,-24,0,216,11/24/2018
Christmas,15,590,-20.2,0,569.8,11/24/2018
Jewelry,1,68,-13.6,-29.2,25.2,11/24/2018
Kids,1,32,-4.81,0,27.19,11/24/2018
Kitchen,15,191,-1.05,0,189.95,11/24/2018
One-of-a-Kind,1,135,-13.5,0,121.5,11/24/2018
Art & Sculpture,9,1155,-49.51,0,1105.49,11/25/2018
Basket,1,240,-24,0,216,11/25/2018
Christmas,18,324,-10.8,0,313.2,11/25/2018
Jewelry,42,602,-9.01,-14,578.99,11/25/2018
Kids,1,34,-3.41,0,30.59,11/25/2018
One-of-a-Kind,1,200,0,0,200,11/25/2018
Art & Sculpture,6,588,-48.99,0,539.01,11/26/2018
Basket,2,232,-23.2,0,208.8,11/26/2018
Christmas,2,96,-9.8,0,86.2,11/26/2018
Fair Trade Gifts,1,25,-3.95,0,21.05,11/26/2018
Jewelry,18,912,-45.6,-48,818.4,11/26/2018
Kids,4,130,-6.8,0,123.2,11/26/2018
Kitchen,16,195.5,-9.12,0,186.38,11/26/2018
One-of-a-Kind,1,200,0,0,200,11/26/2018
Accessories,2,196,-9.99,0,186.01,11/28/2018
Art & Sculpture,10,2250,-180,0,2070,11/28/2018
Basket,2,56,0,0,56,11/28/2018
Accessories,1,58,0,0,58,11/29/2018
Fair Trade Gifts,3,90,0,0,90,11/29/2018
Fair Trade Gifts,1,98,0,0,98,11/30/2018
,1,158,0,0,158,11/30/2018
Accessories,2,44,0,0,44,12/1/2018
Art & Sculpture,9,486,-5.4,0,480.6,12/1/2018
Basket,5,550,-22,0,528,12/1/2018
Fair Trade Gifts,4,92,0,0,92,12/1/2018
Jewelry,1,18,0,0,18,12/1/2018
Kitchen,1,68,-6.8,0,61.2,12/1/2018
Accessories,3,90,-9,0,81,12/2/2018
Art & Sculpture,1,42,-4.19,0,37.81,12/2/2018
Basket,3,460,-19.5,0,440.5,12/2/2018
Christmas,19,442,-20.8,0,421.2,12/2/2018
Art & Sculpture,2,645,-4.15,0,640.85,12/3/2018
Basket,8,428,-19.2,-46,362.8,12/3/2018
Art & Sculpture,2,93.1,-4.08,0,89.02,12/4/2018
Basket,4,940,-18.5,0,921.5,12/4/2018
Music,13,280,-21.99,-18.01,240,12/4/2018
Art & Sculpture,3,152,-3.8,-34.2,114,12/5/2018
Basket,1,185,-18.5,0,166.5,12/5/2018
Accessories,1,58,0,0,58,12/6/2018
Art & Sculpture,4,122,-3.8,0,118.2,12/6/2018
Basket,1,185,-18.5,0,166.5,12/6/2018
Christmas,9,140,-6,0,134,12/6/2018
Fair Trade Gifts,3,66,0,0,66,12/6/2018
Art & Sculpture,3,114,-3.8,0,110.2,12/7/2018
Basket,1,185,-18.5,0,166.5,12/7/2018
Christmas,9,140,-5.89,0,134.11,12/7/2018
Accessories,3,194,-5.81,0,188.19,12/8/2018
Art & Sculpture,1,38,-3.8,0,34.2,12/8/2018
Basket,1,185,-18.5,0,166.5,12/8/2018
Christmas,4,232,-5.8,0,226.2,12/8/2018
Accessories,1,58,0,0,58,12/9/2018
Art & Sculpture,1,38,-3.8,0,34.2,12/9/2018
Basket,1,165,-16.5,0,148.5,12/9/2018
Christmas,15,290,-5.41,0,284.59,12/9/2018
Kids,1,30,0,0,30,12/9/2018
Kitchen,6,119,0,0,119,12/9/2018
Art & Sculpture,10,180,-3.62,0,176.38,12/10/2018
Basket,3,330,-22,0,308,12/10/2018
Christmas,10,180,-5.4,0,174.6,12/10/2018
Art & Sculpture,5,180,-3.6,0,176.4,12/11/2018
Basket,4,146,-20.8,-28,97.2,12/11/2018
Kitchen,1,58,0,0,58,12/11/2018
Accessories,2,116,0,0,116,12/12/2018
Art & Sculpture,3,54,-3.6,0,50.4,12/12/2018
Basket,4,245,-19.69,0,225.31,12/12/2018
Art & Sculpture,1,36,-3.6,0,32.4,12/13/2018
Basket,6,1050,-19.5,0,1030.5,12/13/2018
Fair Trade Gifts,2,60,0,0,60,12/13/2018
Basket,2,350,0,0,350,12/14/2018
Fair Trade Gifts,1,48,0,0,48,12/14/2018
Music,5,94,0,0,94,12/14/2018
Christmas,3,84,0,0,84,12/15/2018
Basket,0,34,0,-34,0,12/16/2018
Christmas,1,95,0,0,95,12/16/2018
Home Decor,2,95.4,-9.54,0,85.86,12/16/2018
Jewelry,4,180,-4.6,0,175.4,12/16/2018
Basket,1,44,0,0,44,12/17/2018
Christmas,4,92,0,0,92,12/17/2018
Basket,1,95,-9.5,0,85.5,12/18/2018
Christmas,5,90,0,0,90,12/18/2018
Jewelry,6,300,-4.4,0,295.6,12/18/2018
Kids,3,92,0,0,92,12/18/2018
Kitchen,21,394,-1.39,0,392.61,12/18/2018
Accessories,1,48,0,0,48,12/19/2018
Basket,1,240,0,0,240,12/19/2018
Christmas,3,66,0,0,66,12/19/2018
Music,1,220,-11,-110,99,12/19/2018
Textiles,0,1,0,-1,0,12/20/2018
Jewelry,2,88,-4.4,0,83.6,12/21/2018
Kitchen,1,31.5,0,0,31.5,12/21/2018
Basket,1,115,0,0,115,12/24/2018
Home Decor,2,90,-9.01,0,80.99,12/24/2018
Basket,1,68,0,0,68,12/25/2018
Accessories,2,56,0,0,56,12/26/2018
Art & Sculpture,2,36,-3.6,0,32.4,12/26/2018
Basket,1,195,-19.5,0,175.5,12/26/2018
Christmas,4,56,0,0,56,12/26/2018
Art & Sculpture,1,195,-19.5,0,175.5,12/27/2018
Basket,1,195,-19.5,0,175.5,12/27/2018
Christmas,2,56,0,0,56,12/27/2018
Art & Sculpture,14,350,-19.2,0,330.8,12/28/2018
Basket,1,195,-19.49,0,175.51,12/28/2018
Christmas,3,54,0,0,54,12/28/2018
Basket,6,348,0,0,348,12/29/2018
Music,1,20,0,0,20,12/30/2018
Basket,1,240,0,0,240,12/31/2018
Art & Sculpture,19,998,-16.99,0,981.01,1/1/2019
Basket,6,1050,-98.95,0,951.05,1/1/2019
Art & Sculpture,1,98,-9.8,0,88.2,1/2/2019
Basket,3,348,-46.4,0,301.6,1/2/2019
Art & Sculpture,9,315,-9.5,0,305.5,1/3/2019
Basket,1,185,-39,0,146,1/3/2019
Art & Sculpture,9,162,-9.21,0,152.79,1/4/2019
Basket,4,900,-35,0,865,1/4/2019
Art & Sculpture,5,180,-9.2,0,170.8,1/5/2019
Basket,11,898,-33.2,0,864.8,1/5/2019
Jewelry,1,48,0,0,48,1/5/2019
Kids,1,18,0,0,18,1/5/2019
Kitchen,5,90,0,0,90,1/5/2019
Art & Sculpture,9,593,-9,-110,474,1/6/2019
Basket,16,804,-30.8,0,773.2,1/6/2019
Furniture,2,90,0,0,90,1/6/2019
Basket,1,564,0,-396,168,1/7/2019
Jewelry,2,120,0,0,120,1/7/2019
Kitchen,1,36,0,0,36,1/7/2019
Basket,1,195,0,0,195,1/8/2019
Accessories,1,68,0,0,68,1/10/2019
Jewelry,2,116,0,0,116,1/10/2019
Basket,2,96,-4.99,0,91.01,1/11/2019
Jewelry,8,112,0,0,112,1/11/2019
Basket,1,48,-4.8,0,43.2,1/12/2019
Home Decor,1,45,-4.51,0,40.49,1/12/2019
Kitchen,2,88,-4.4,0,83.6,1/12/2019
Accessories,1,88,0,0,88,1/13/2019
Basket,1,116,0,0,116,1/14/2019
Home Decor,16,352,-4.4,0,347.6,1/15/2019
Soapstone,1,28,0,0,28,1/15/2019
Jewelry,4,112,0,0,112,1/16/2019
Basket,1,88,0,0,88,1/17/2019
Jewelry,3,102,0,0,102,1/17/2019
Art & Sculpture,15,298,-8.91,0,289.09,1/18/2019
Basket,1,125,0,0,125,1/18/2019
Art & Sculpture,1,38,0,0,38,1/19/2019
Basket,5,925,-58,0,867,1/19/2019
Art & Sculpture,5,90,-1.8,0,88.2,1/20/2019
Basket,4,440,-44,0,396,1/20/2019
Art & Sculpture,3,54,-1.8,0,52.2,1/21/2019
Basket,9,1100,-43.99,-99.01,957,1/21/2019
Skin Care,31,593.5,-1.85,0,591.65,1/21/2019
Art & Sculpture,2,36,-1.8,0,34.2,1/22/2019
Basket,9,990,-43.99,0,946.01,1/22/2019
Art & Sculpture,2,36,-1.8,0,34.2,1/23/2019
Basket,30,1909,-41.3,0,1867.7,1/23/2019
Art & Sculpture,1,16,-1.6,0,14.4,1/24/2019
Basket,1,240,0,0,240,1/24/2019
Music,1,18,-1.8,0,16.2,1/24/2019
Jewelry,9,98,0,0,98,1/25/2019
Art & Sculpture,1,38,0,0,38,1/26/2019
Basket,1,34,0,0,34,1/26/2019
Art & Sculpture,1,38,0,0,38,1/27/2019
Jewelry,2,96,0,0,96,1/27/2019
Skin Care,13,240.5,0,0,240.5,1/27/2019
Art & Sculpture,1,38,0,0,38,1/28/2019
Jewelry,2,96,0,0,96,1/28/2019
Basket,1,155,0,0,155,1/29/2019
Jewelry,3,96,0,0,96,1/29/2019
Basket,1,195,0,0,195,1/30/2019
Music,1,48,0,0,48,1/30/2019
Basket,1,28,0,0,28,1/31/2019
Home Decor,4,196,-4.4,0,191.6,1/31/2019
Jewelry,4,88,0,0,88,1/31/2019
Basket,2,86,-8.4,0,77.6,2/1/2019
Jewelry,5,140,-2.8,0,137.2,2/1/2019
Kids,1,34,0,0,34,2/1/2019
Kitchen,9,126,0,0,126,2/1/2019
Art & Sculpture,1,38,0,0,38,2/2/2019
Basket,1,145,0,0,145,2/2/2019
Art & Sculpture,1,34,0,0,34,2/4/2019
Basket,2,62,-2.8,0,59.2,2/4/2019
Home Decor,1,68,-6.8,0,61.2,2/4/2019
Jewelry,3,84,-2.8,0,81.2,2/4/2019
Jewelry,3,84,-2.8,0,81.2,2/5/2019
Art & Sculpture,1,34,0,0,34,2/6/2019
Jewelry,1,28,-2.8,0,25.2,2/6/2019
Accessories,2,196,-9.81,0,186.19,2/9/2019
Art & Sculpture,1,32,0,0,32,2/9/2019
Soapstone,2,68,-5.1,0,62.9,2/9/2019
Art & Sculpture,1,32,0,0,32,2/10/2019
Basket,1,195,0,0,195,2/10/2019
One-of-a-Kind,1,125,0,0,125,2/10/2019
Art & Sculpture,1,32,0,0,32,2/12/2019
Home Decor,2,189,-6.5,-58.5,124,2/12/2019
Soapstone,1,34,0,0,34,2/12/2019
Art & Sculpture,1,32,0,0,32,2/13/2019
Basket,1,110,0,0,110,2/13/2019
Basket,1,34,0,0,34,2/14/2019
Kids,2,44,0,0,44,2/16/2019
Kitchen,10,105,-9.95,0,95.05,2/16/2019
Art & Sculpture,1,32,0,0,32,2/18/2019
Basket,1,145,0,0,145,2/18/2019
Basket,1,34,0,0,34,2/19/2019
Basket,1,48,0,0,48,2/21/2019
Home Decor,1,120,-6,-54,60,2/21/2019
Accessories,1,114,-11.4,0,102.6,2/22/2019
Basket,1,28,0,0,28,2/22/2019
Jewelry,9,154,-2.2,0,151.8,2/22/2019
Jewelry,1,28,-1.85,0,26.15,2/23/2019
Recycled Art,39,1554,-29.4,0,1524.6,2/23/2019
Furniture,2,350,-90,0,260,2/25/2019
Home Decor,3,194,-5.8,0,188.2,2/25/2019
Jewelry,3,54,-1.81,0,52.19,2/25/2019
Basket,2,96,-3.8,0,92.2,2/27/2019
Fair Trade Gifts,1,18,0,0,18,2/27/2019
Jewelry,3,54,-1.8,0,52.2,2/27/2019
Kitchen,2,36,0,0,36,2/27/2019
Jewelry,3,54,-1.8,0,52.2,2/28/2019
Soapstone,1,24,-2.4,0,21.6,2/28/2019
Basket,2,126,-4.2,-42,79.8,3/1/2019
Home Decor,1,18,0,0,18,3/1/2019
Kitchen,2,42,0,0,42,3/1/2019
Textiles,2,88,0,0,88,3/2/2019
Basket,1,185,0,0,185,3/3/2019
Jewelry,3,102,-5,0,97,3/3/2019
Jewelry,4,60,-5,0,55,3/4/2019
Basket,1,90,-9.2,-34,46.8,3/5/2019
Home Decor,3,125,0,0,125,3/5/2019
Jewelry,4,96,-4.81,0,91.19,3/5/2019
Kids,3,49.5,0,0,49.5,3/5/2019
Basket,1,48,-4.8,0,43.2,3/6/2019
Jewelry,1,48,-4.8,0,43.2,3/6/2019
Art & Sculpture,2,96,-4.8,0,91.2,3/7/2019
Basket,3,102,-3.4,0,98.6,3/7/2019
Kitchen,1,22,-2.2,0,19.8,3/7/2019
Accessories,1,58,0,0,58,3/8/2019
Fair Trade Gifts,1,22,0,0,22,3/8/2019
Jewelry,0,28,0,-28,0,3/8/2019
Art & Sculpture,1,22,0,0,22,3/9/2019
Basket,1,48,0,0,48,3/9/2019
Furniture,3,194,-5.8,0,188.2,3/9/2019
Art & Sculpture,1,22,0,0,22,3/10/2019
Basket,6,280,-6.32,0,273.68,3/10/2019
Kids,1,32,0,0,32,3/10/2019
Kitchen,6,92,-9.2,0,82.8,3/10/2019
Art & Sculpture,1,18,0,0,18,3/11/2019
Basket,3,564,0,0,564,3/11/2019
Kitchen,-1,0,0,-106.25,-106.25,3/11/2019
Basket,1,145,0,0,145,3/12/2019
Home Decor,2,124,0,0,124,3/12/2019
Textiles,1,24,0,0,24,3/13/2019
Basket,3,48,0,0,48,3/14/2019
Accessories,3,134.4,0,0,134.4,3/16/2019
Kitchen,2,56,0,0,56,3/18/2019
Jewelry,1,28,0,0,28,3/19/2019
Basket,1,110,0,0,110,3/20/2019
Basket,1,116,0,0,116,3/21/2019
Art & Sculpture,1,18,0,0,18,3/30/2019
Jewelry,9,196,-16.99,0,179.01,4/1/2019
Jewelry,3,102,-16.99,0,85.01,4/2/2019
Art & Sculpture,1,240,0,0,240,4/3/2019
Basket,2,98.4,0,0,98.4,4/3/2019
Home Decor,8,304,-22.8,0,281.2,4/3/2019
Art & Sculpture,1,225,0,0,225,4/8/2019
Soapstone,1,36,0,0,36,4/8/2019
Art & Sculpture,1,225,0,0,225,4/9/2019
Fair Trade Gifts,1,24,0,0,24,4/10/2019
Jewelry,9,290,-15.21,0,274.79,4/11/2019
Art & Sculpture,3,222,0,0,222,4/12/2019
Basket,4,192,-4.8,0,187.2,4/12/2019
Accessories,1,22,0,0,22,4/13/2019
Art & Sculpture,1,210,0,0,210,4/13/2019
Basket,1,195,0,0,195,4/13/2019
Music,1,32,0,0,32,4/13/2019
Art & Sculpture,9,198,0,0,198,4/14/2019
Basket,1,165,-16.5,0,148.5,4/14/2019
Kitchen,1,32,-3.2,0,28.8,4/14/2019
Basket,3,86,-8.43,0,77.57,4/16/2019
Kids,1,16,0,0,16,4/16/2019
Kitchen,9,84,-3.6,0,80.4,4/16/2019
Jewelry,4,192,-14.39,0,177.61,4/17/2019
Accessories,5,116,-4.41,0,111.59,4/18/2019
Soapstone,1,13.5,0,0,13.5,4/18/2019
Accessories,1,98,0,0,98,4/19/2019
Basket,1,58,-5.8,0,52.2,4/19/2019
Home Decor,5,1125,-22.5,0,1102.5,4/19/2019
Jewelry,1,48,0,0,48,4/19/2019
Art & Sculpture,1,198,-19.8,0,178.2,4/20/2019
Basket,2,182,-16.23,0,165.77,4/20/2019
Soapstone,2,56,0,0,56,4/21/2019
Art & Sculpture,3,204,-20.4,0,183.6,4/23/2019
Basket,1,90,0,0,90,4/23/2019
Basket,1,110,0,0,110,4/25/2019
Home Decor,4,292,-20.4,0,271.6,4/25/2019
Basket,1,58,0,0,58,4/26/2019
Basket,1,58,0,0,58,4/27/2019
Jewelry,6,288,-12,0,276,4/28/2019
Soapstone,0,26,0,-26,0,4/28/2019
Jewelry,2,96,-11.4,0,84.6,4/29/2019
Kids,1,34,0,0,34,4/30/2019
Kitchen,8,100,-9.6,0,90.4,4/30/2019
Accessories,2,96,0,0,96,5/1/2019
Basket,2,292,0,0,292,5/4/2019
Basket,1,58,0,0,58,5/5/2019
Home Decor,1,85,0,0,85,5/5/2019
Basket,1,165,0,0,165,5/6/2019
Home Decor,1,85,0,0,85,5/6/2019
Art & Sculpture,11,858,-23.6,0,834.4,5/7/2019
Basket,5,580,0,0,580,5/7/2019
Home Decor,3,84,0,0,84,5/7/2019
Kitchen,1,14,0,0,14,5/7/2019
Accessories,1,48,0,0,48,5/8/2019
Art & Sculpture,6,162,0,0,162,5/8/2019
Basket,9,812,-11.6,0,800.4,5/8/2019
Fair Trade Gifts,12,114,0,0,114,5/8/2019
Gift Baskets,1,19.5,0,0,19.5,5/8/2019
Jewelry,1,48,0,0,48,5/8/2019
Kids,1,18,0,0,18,5/8/2019
Kitchen,4,252,-15.6,0,236.4,5/8/2019
Accessories,1,98,-9.8,0,88.2,5/9/2019
Art & Sculpture,3,302,-23.4,0,278.6,5/9/2019
Basket,6,190,-11.6,0,178.4,5/9/2019
Fair Trade Gifts,3,92,-2.4,0,89.6,5/9/2019
Accessories,2,196,0,0,196,5/10/2019
Art & Sculpture,1,112,-22.4,0,89.6,5/10/2019
Basket,6,269,-15.31,0,253.69,5/10/2019
Fair Trade Gifts,3,114,0,0,114,5/10/2019
Accessories,1,44,0,0,44,5/11/2019
Art & Sculpture,3,330,-22,0,308,5/14/2019
Art & Sculpture,3,162,0,0,162,5/15/2019
Home Decor,2,84,0,0,84,5/15/2019
Soapstone,1,18,-3.6,0,14.4,5/18/2019
Basket,1,195,0,0,195,5/19/2019
Basket,1,48,0,0,48,5/20/2019
Fair Trade Gifts,2,24,0,0,24,5/20/2019
Home Decor,3,84,0,0,84,5/20/2019
Basket,4,188,0,0,188,5/21/2019
Basket,1,125,0,0,125,5/22/2019
Kids,2,40,0,0,40,5/23/2019
Kitchen,10,136,-9.6,-12,114.4,5/23/2019
Art & Sculpture,4,159,0,0,159,5/24/2019
Basket,3,190,-15.2,-96,78.8,5/24/2019
Art & Sculpture,22,484,-11.29,0,472.71,5/25/2019
Basket,1,145,-14.5,0,130.5,5/25/2019
Kitchen,3,34.5,-1.05,0,33.45,5/25/2019
Art & Sculpture,3,126,-11.14,0,114.86,5/26/2019
Basket,1,145,-14.5,0,130.5,5/26/2019
Art & Sculpture,22,506,-10.99,-19.8,475.21,5/27/2019
Basket,1,92,-14.4,0,77.6,5/27/2019
Soapstone,1,18,-2.31,0,15.69,5/27/2019
Art & Sculpture,1,99,-9.9,0,89.1,5/28/2019
Basket,9,952,-13.6,0,938.4,5/28/2019
Accessories,1,44,0,0,44,5/29/2019
Art & Sculpture,2,128,-6.41,0,121.59,5/29/2019
Basket,1,68,-13.6,0,54.4,5/29/2019
Art & Sculpture,5,160,-6.4,0,153.6,5/30/2019
Basket,9,896.5,-12.65,0,883.85,5/30/2019
Kitchen,3,84,-2.8,0,81.2,5/30/2019
Art & Sculpture,18,516,-6,0,510,5/31/2019
Basket,1,125,-12.5,0,112.5,5/31/2019
,1,42,0,0,42,5/31/2019
Art & Sculpture,1,58,-5.81,0,52.19,6/1/2019
Basket,1,116,-11.6,0,104.4,6/1/2019
Jewelry,1,34,0,0,34,6/1/2019
Accessories,1,34,0,0,34,6/2/2019
Art & Sculpture,4,360,-5.8,0,354.2,6/2/2019
Basket,1,58,-11.6,0,46.4,6/2/2019
Soapstone,4,136,0,0,136,6/2/2019
Art & Sculpture,1,56,-5.6,0,50.4,6/3/2019
Basket,1,115,-11.5,0,103.5,6/3/2019
Jewelry,1,18,0,0,18,6/3/2019
Kitchen,1,28,-2.8,0,25.2,6/3/2019
Basket,1,116,0,0,116,6/4/2019
Accessories,1,28,0,0,28,6/6/2019
Furniture,1,45,-11.25,0,33.75,6/6/2019
Soapstone,8,285,0,0,285,6/6/2019
Basket,1,110,0,0,110,6/7/2019
Kitchen,1,22,0,0,22,6/9/2019
Recycled Art,6,192,-3.2,0,188.8,6/10/2019
Basket,1,185,0,0,185,6/12/2019
,1,95,0,0,95,6/13/2019
Art & Sculpture,3,135,0,0,135,6/15/2019
Basket,4,182,0,0,182,6/15/2019
Home Decor,5,631,0,0,631,6/17/2019
Soapstone,13,359,0,0,359,6/17/2019
Jewelry,2,62,0,0,62,6/18/2019
Kids,3,144,0,0,144,6/18/2019
Kitchen,24,906,-18.99,0,887.01,6/18/2019
Home Decor,3,394,0,0,394,6/19/2019
Basket,1,34,0,0,34,6/20/2019
Fair Trade Gifts,2,24,0,0,24,6/20/2019
Basket,2,56,0,0,56,6/21/2019
Basket,4,168,0,0,168,6/23/2019
Music,3,194,0,0,194,6/24/2019
Basket,1,125,0,0,125,6/25/2019
Home Decor,2,288,0,0,288,6/25/2019
Basket,1,34,0,0,34,6/26/2019
Home Decor,2,290,0,0,290,6/26/2019
Art & Sculpture,3,66,-5.5,0,60.5,6/27/2019
Soapstone,5,90,0,0,90,6/27/2019
Art & Sculpture,2,136,0,0,136,6/28/2019
Basket,1,48,0,0,48,6/28/2019
Home Decor,3,264,0,0,264,6/28/2019
Art & Sculpture,1,58,-5,0,53,6/29/2019
Basket,2,116,0,0,116,6/29/2019
Home Decor,4,248,0,0,248,6/29/2019
Basket,3,164,0,0,164,6/30/2019
Home Decor,4,196,0,0,196,6/30/2019
Basket,5,550,0,0,550,7/1/2019
Basket,1,96,0,0,96,7/2/2019
Soapstone,1,14,0,0,14,7/3/2019
Art & Sculpture,3,134,0,0,134,7/4/2019
Basket,8,348,-11.41,-38,298.59,7/4/2019
Art & Sculpture,14,435,-20.1,0,414.9,7/5/2019
Soapstone,1,32,0,0,32,7/7/2019
Art & Sculpture,3,99,0,0,99,7/9/2019
Home Decor,1,38,-3.8,0,34.2,7/9/2019
Art & Sculpture,3,96,0,0,96,7/12/2019
Art & Sculpture,2,96,0,0,96,7/14/2019
Soapstone,5,190,-3.8,0,186.2,7/14/2019
Recycled Art,2,68,0,0,68,7/16/2019
Jewelry,1,22,0,0,22,7/18/2019
Art & Sculpture,4,96,0,0,96,7/19/2019
Art & Sculpture,3,96,0,0,96,7/20/2019
Basket,1,34,0,0,34,7/20/2019
Art & Sculpture,2,96,0,0,96,7/21/2019
Basket,1,38,0,0,38,7/21/2019
Home Decor,1,38,-3.8,0,34.2,7/21/2019
Basket,1,96,0,0,96,7/22/2019
Jewelry,1,28,0,0,28,7/25/2019
Basket,2,136,0,0,136,7/26/2019
Fair Trade Gifts,4,48,0,0,48,7/26/2019
Soapstone,9,110,0,0,110,7/27/2019
Basket,1,44,-8.8,0,35.2,7/28/2019
Jewelry,2,56,0,0,56,7/28/2019
Kids,2,31.5,0,0,31.5,7/28/2019
Kitchen,9,96.5,-3.69,0,92.81,7/28/2019
Basket,6,204,0,0,204,7/31/2019
Music,1,68,0,0,68,7/31/2019
Basket,1,165,0,0,165,8/1/2019
Home Decor,3,186,-12.4,0,173.6,8/1/2019
Jewelry,1,34,-6.8,0,27.2,8/1/2019
Basket,3,132,-8.8,0,123.2,8/2/2019
Jewelry,6,202,-6.6,0,195.4,8/2/2019
Basket,3,330,0,0,330,8/3/2019
Home Decor,5,204,-12.1,0,191.9,8/3/2019
Basket,10,420,-9.6,0,410.4,8/4/2019
Home Decor,2,96,-11.4,0,84.6,8/4/2019
Jewelry,8,196,-6.6,0,189.4,8/5/2019
Basket,3,194,0,0,194,8/6/2019
Jewelry,2,128,-6.4,0,121.6,8/6/2019
Basket,4,232,-10.6,0,221.4,8/7/2019
Kids,2,92,-9.19,0,82.81,8/7/2019
Kitchen,13,148.5,-5.24,0,143.26,8/7/2019
Home Decor,2,208,-9.8,0,198.2,8/8/2019
Jewelry,2,116,-5.8,0,110.2,8/8/2019
Recycled Art,2,56,0,0,56,8/8/2019
Art & Sculpture,1,95,0,0,95,8/9/2019
Basket,1,310,0,0,310,8/9/2019
Fair Trade Gifts,1,36,0,0,36,8/9/2019
Art & Sculpture,2,96,0,0,96,8/10/2019
Basket,3,525,0,0,525,8/10/2019
Art & Sculpture,2,96,0,0,96,8/11/2019
Accessories,1,48,0,0,48,8/12/2019
Art & Sculpture,1,95,0,0,95,8/14/2019
Basket,10,480,-4.8,0,475.2,8/14/2019
Jewelry,1,38,0,0,38,8/14/2019
Kitchen,3,80,-2.8,0,77.2,8/14/2019
Kitchen,1,28,0,0,28,8/16/2019
Basket,1,185,0,0,185,8/17/2019
Fair Trade Gifts,2,36,0,0,36,8/18/2019
Textiles,2,80,-8,0,72,8/19/2019
Basket,3,144,-4.8,0,139.2,8/21/2019
Jewelry,1,34,0,0,34,8/21/2019
Kitchen,3,92,0,0,92,8/21/2019
Basket,1,185,0,0,185,8/22/2019
Home Decor,5,228,-9.6,-38,180.4,8/22/2019
Basket,1,48,0,0,48,8/23/2019
Home Decor,1,96,-9.6,-38,48.4,8/23/2019
Basket,1,42,0,0,42,8/24/2019
Basket,1,185,0,0,185,8/26/2019
Jewelry,2,56,-5.6,0,50.4,8/26/2019
Basket,1,145,0,0,145,8/27/2019
Basket,2,220,0,0,220,8/29/2019
Home Decor,2,114,-9.6,-34.2,70.2,8/29/2019
Jewelry,1,28,-5.6,0,22.4,8/29/2019
Art & Sculpture,2,94,0,0,94,8/30/2019
Basket,3,191,-11.3,0,179.7,8/30/2019
Jewelry,1,38,0,0,38,8/30/2019
Art & Sculpture,16,408,-13.6,-21.6,372.8,8/31/2019
Basket,4,440,-11,0,429,8/31/2019
Jewelry,2,68,0,0,68,8/31/2019
Kids,3,102,-5.09,0,96.91,8/31/2019
Kitchen,45,439,-10.25,-8.54,420.21,8/31/2019
Art & Sculpture,2,136,-13.6,0,122.4,9/1/2019
Basket,3,304,-11,0,293,9/1/2019
Art & Sculpture,1,68,-13.6,0,54.4,9/2/2019
Basket,2,220,-11,0,209,9/2/2019
Skin Care,4,94,-3.9,0,90.1,9/4/2019
Accessories,1,58,-11.6,0,46.4,9/9/2019
Art & Sculpture,3,384,-12.8,0,371.2,9/9/2019
Soapstone,1,16,0,0,16,9/9/2019
Art & Sculpture,1,18,0,0,18,9/10/2019
Basket,1,68,0,0,68,9/10/2019
Art & Sculpture,1,18,0,0,18,9/11/2019
Basket,2,96,0,0,96,9/12/2019
Basket,3,348,0,0,348,9/14/2019
Basket,1,92,-4.6,-46,41.4,9/15/2019
Jewelry,1,28,0,0,28,9/15/2019
Kitchen,2,56,-2.8,0,53.2,9/15/2019
Basket,2,136,-6.8,0,129.2,9/16/2019
Jewelry,2,56,0,0,56,9/16/2019
Home Decor,1,38,0,0,38,9/17/2019
Recycled Art,8,200,-5.01,0,194.99,9/17/2019
Soapstone,3,54,0,0,54,9/19/2019
Basket,1,210,0,0,210,9/20/2019
Fair Trade Gifts,1,28,0,0,28,9/21/2019
Basket,1,145,0,0,145,9/22/2019
Home Decor,1,38,0,0,38,9/22/2019
Soapstone,3,94,0,0,94,9/23/2019
Basket,2,92,0,0,92,9/24/2019
Accessories,1,114,-11.4,0,102.6,9/25/2019
Basket,1,115,0,0,115,9/27/2019
Accessories,1,42,0,0,42,9/28/2019
Kitchen,1,28,0,0,28,9/28/2019
Basket,1,28,-2.81,0,25.19,9/30/2019
Kitchen,1,12,0,0,12,9/30/2019
Recycled Art,1,25,0,0,25,10/2/2019
Soapstone,2,64,-3.2,0,60.8,10/3/2019
Fair Trade Gifts,1,30,0,0,30,10/4/2019
Jewelry,1,58,0,0,58,10/4/2019
Kids,3,49.5,0,0,49.5,10/4/2019
Basket,1,185,0,0,185,10/6/2019
Basket,2,68,0,0,68,10/7/2019
Basket,1,48,0,0,48,10/8/2019
Home Decor,1,50,0,0,50,10/8/2019
Recycled Art,1,38,-3.8,0,34.2,10/12/2019
Accessories,1,98,0,0,98,10/13/2019
Basket,2,220,0,0,220,10/15/2019
Jewelry,2,48,0,0,48,10/16/2019
Basket,1,145,0,0,145,10/17/2019
Basket,1,145,0,0,145,10/18/2019
Jewelry,1,14,0,0,14,10/21/2019
Soapstone,2,46,0,0,46,10/22/2019
Fair Trade Gifts,1,25,0,0,25,10/24/2019
Basket,1,69.95,0,-34,35.95,10/26/2019
Kitchen,1,18,0,0,18,10/26/2019
Basket,1,44,-4.41,0,39.59,10/27/2019
Furniture,2,96,0,0,96,10/27/2019
Jewelry,1,28,0,0,28,10/27/2019
Kitchen,2,56,0,0,56,10/27/2019
Basket,1,68,0,0,68,10/28/2019
Soapstone,5,94,-2.2,0,91.8,10/30/2019
Jewelry,2,48,0,0,48,10/31/2019
Kitchen,4,112,-5.6,0,106.4,10/31/2019
Art & Sculpture,1,14,0,0,14,11/1/2019
Basket,9,1035,-23,-230,782,11/1/2019
Home Decor,1,38,0,0,38,11/1/2019
Soapstone,2,60,-3.8,0,56.2,11/1/2019
Basket,1,66,-6.6,0,59.4,11/2/2019
Jewelry,1,54,0,0,54,11/2/2019
Soapstone,1,28,0,0,28,11/4/2019
Basket,1,110,0,0,110,11/5/2019
Jewelry,1,42,0,0,42,11/5/2019
Kitchen,4,92,-5.4,0,86.6,11/5/2019
Kitchen,3,58.5,0,0,58.5,11/7/2019
Jewelry,2,44,0,0,44,11/8/2019
Kitchen,1,48,0,0,48,11/9/2019
Basket,3,146,-10.2,0,135.8,11/10/2019
Jewelry,1,68,0,0,68,11/10/2019
Kids,5,198,0,0,198,11/10/2019
Kitchen,0,32,-3.21,-28.99,-0.2,11/11/2019
Jewelry,1,28,0,0,28,11/12/2019
Kitchen,2,22.5,-1.05,0,21.45,11/12/2019
Basket,1,28,0,0,28,11/13/2019
Textiles,2,120,-18,0,102,11/14/2019
Christmas,1,20,0,0,20,11/15/2019
Basket,2,220,0,0,220,11/16/2019
Christmas,1,18,0,0,18,11/16/2019
Christmas,1,18,0,0,18,11/17/2019
Art & Sculpture,1,13.2,0,0,13.2,11/18/2019
Basket,2,891,0,-288,603,11/18/2019
Christmas,1,18,0,0,18,11/18/2019
Christmas,1,18,0,0,18,11/19/2019
Basket,1,48,0,0,48,11/22/2019
Basket,1,145,0,0,145,11/23/2019
Basket,12,3825,-201.6,-288,3335.4,11/24/2019
Christmas,15,288,-3.6,-18,266.4,11/24/2019
Basket,5,220,-8.8,0,211.2,11/25/2019
Kids,2,31.5,0,0,31.5,11/25/2019
Kitchen,9,126,-5.4,0,120.6,11/25/2019
Basket,4,500,0,0,500,11/26/2019
Accessories,1,28,0,0,28,11/29/2019
Art & Sculpture,3,144,-4.8,0,139.2,11/29/2019
Basket,13,1194,-8.8,-156,1029.2,11/29/2019
Christmas,18,998,-9.6,-114,874.4,11/29/2019
Fair Trade Gifts,16,352,-13.18,0,338.82,11/29/2019
Home Decor,5,408,-20.4,-68,319.6,11/29/2019
Jewelry,96,1400,-42,-56,1302,11/29/2019
Kids,2,96,-14.4,0,81.6,11/29/2019
Kitchen,13,468,-9.2,0,458.8,11/29/2019
One-of-a-Kind,1,165,0,0,165,11/29/2019
Soapstone,3,194,0,-43.5,150.5,11/29/2019
Textiles,8,342,-15.2,-38,288.8,11/29/2019
Accessories,3,204,-6.8,0,197.2,11/30/2019
Art & Sculpture,2,1150,-230,0,920,11/30/2019
Basket,5,595,-23,0,572,11/30/2019
Christmas,13,286,-8.8,0,277.2,11/30/2019
Fair Trade Gifts,1,48,-4.8,0,43.2,11/30/2019
Kids,3,158,-9.6,0,148.4,11/30/2019
Kitchen,16,192.5,-1.05,0,191.45,11/30/2019
One-of-a-Kind,1,135,0,0,135,11/30/2019
Accessories,2,196,0,0,196,12/1/2019
Art & Sculpture,15,1110,-81.38,0,1028.62,12/1/2019
Basket,5,550,-22,0,528,12/1/2019
Christmas,8,224,-8.41,0,215.59,12/1/2019
Fair Trade Gifts,1,44,-4.4,0,39.6,12/1/2019
Kids,4,136,-3.4,0,132.6,12/1/2019
Kitchen,15,159,-11.54,0,147.46,12/1/2019
Accessories,2,196,0,0,196,12/2/2019
Art & Sculpture,9,900,-59,0,841,12/2/2019
Basket,2,350,-19.5,0,330.5,12/2/2019
Christmas,6,168,-8.4,0,159.6,12/2/2019
Fair Trade Gifts,19,432,-19.6,0,412.4,12/2/2019
Jewelry,21,398,-2.8,-84,311.2,12/2/2019
Kids,6,204,-13.4,0,190.6,12/2/2019
Kitchen,18,360,-4,0,356,12/2/2019
Kids,3,102,-6.8,0,95.2,12/3/2019
Art & Sculpture,34,14935,-594,-1609,12732,12/3/2019
Basket,1,125,-18.95,0,106.05,12/3/2019
Christmas,3,114,-9.6,0,104.4,12/3/2019
Music,3,46,-1.4,0,44.6,12/3/2019
Accessories,25,492,-14,0,478,12/4/2019
Art & Sculpture,2,48,-4.8,0,43.2,12/4/2019
Basket,2,390,-18.5,0,371.5,12/4/2019
Textiles,8,164,0,0,164,12/4/2019
Accessories,1,24,0,0,24,12/5/2019
Art & Sculpture,10,420,-4.5,0,415.5,12/5/2019
Basket,1,185,-18.5,0,166.5,12/5/2019
Christmas,8,144,-5,0,139,12/5/2019
Kitchen,4,48,-4.8,0,43.2,12/5/2019
Art & Sculpture,4,180,-4.5,0,175.5,12/6/2019
Basket,1,185,-18.5,0,166.5,12/6/2019
Christmas,6,110,-4.5,0,105.5,12/6/2019
Jewelry,1,28.5,0,0,28.5,12/6/2019
Kitchen,2,68,-3.4,0,64.6,12/6/2019
Art & Sculpture,2,90,-4.5,0,85.5,12/7/2019
Basket,1,185,-18.5,0,166.5,12/7/2019
Christmas,16,352,-4.4,0,347.6,12/7/2019
Art & Sculpture,1,45,-4.5,0,40.5,12/8/2019
Basket,1,185,-18.5,0,166.5,12/8/2019
Christmas,3,66,-4.4,0,61.6,12/8/2019
Music,2,39,-2.4,0,36.6,12/8/2019
Art & Sculpture,1,45,-4.5,0,40.5,12/9/2019
Basket,1,165,-16.5,0,148.5,12/9/2019
Christmas,2,40,-3.88,0,36.12,12/9/2019
Art & Sculpture,1,45,-4.49,0,40.51,12/10/2019
Basket,2,220,-22,0,198,12/10/2019
Christmas,4,108,-3.6,0,104.4,12/10/2019
Art & Sculpture,8,196,-4.4,0,191.6,12/11/2019
Basket,2,410,-20.5,0,389.5,12/11/2019
Recycled Art,1,38,0,0,38,12/11/2019
Art & Sculpture,2,44,-4.4,0,39.6,12/12/2019
Basket,12,546,-19.6,-39,487.4,12/12/2019
Art & Sculpture,1,44,-4.4,0,39.6,12/13/2019
Basket,5,895,-19.5,0,875.5,12/13/2019
Soapstone,8,224,-19.6,0,204.4,12/13/2019
,1,10.5,0,0,10.5,12/14/2019
Basket,1,185,0,0,185,12/15/2019
Basket,1,28,0,0,28,12/16/2019
Basket,1,48,-4.8,0,43.2,12/17/2019
Home Decor,1,88,-8.8,0,79.2,12/17/2019
Basket,1,185,0,0,185,12/18/2019
Accessories,1,32,-3.2,0,28.8,12/20/2019
Recycled Art,1,110,-11,0,99,12/22/2019
Soapstone,2,32,0,0,32,12/23/2019
Basket,4,112,-2.8,0,109.2,12/24/2019
Christmas,0,380,0,-380,0,12/24/2019
Kitchen,1,88,0,0,88,12/24/2019
Basket,1,48,-1.19,0,46.81,12/25/2019
Art & Sculpture,4,360,-4.19,0,355.81,12/26/2019
Basket,1,195,-19.5,0,175.5,12/26/2019
Jewelry,40,616,-11.2,-56,548.8,12/26/2019
Art & Sculpture,2,168,-16.8,0,151.2,12/27/2019
Basket,1,195,-19.5,0,175.5,12/27/2019
Art & Sculpture,1,82,-16.4,0,65.6,12/28/2019
Basket,1,194,-19.4,0,174.6,12/28/2019
Music,4,80,-6,0,74,12/28/2019
